2209 3575
308 435 601 474 mentuunt.
630 438 702 472 m·
729 438 772 471 tx.
819 433 867 487 ²72

477 522 609 572 XCIV.

398 604 594 650 Testamentum
607 612 689 648 vetus.

227 673 296 746 thue
304 680 333 729 ad
345 684 450 730 testantis
461 696 564 729 mortem
574 698 682 744 suprema
692 679 800 729 voluntas

278 757 385 805 Ambulat
395 792 402 816 ,
411 771 435 805 et
445 758 511 806 nullo
520 761 570 819 jure
581 758 657 805 valere
668 769 752 821 potest.

225 830 278 900 Ergo
286 839 359 902 patris
371 850 538 885 testamentum
548 849 614 886 vetus
625 838 686 884 unde
696 846 792 887 vocem!

278 921 365 967 Nescio
375 951 383 980 ,
392 935 448 966 cum
457 931 559 966 mortem
570 921 658 966 nesciat
668 920 718 982 ipse
727 918 784 982 pati.

494 1001 517 1045 X
532 1000 551 1046 C
567 1000 597 1048 V.

387 1082 583 1128 Testamentum
593 1090 697 1126 nouum.

223 1158 270 1207 Hoc
281 1171 446 1208 testamentum
456 1160 590 1223 Christique
600 1175 736 1223 novumque
745 1161 836 1210 vocavit

276 1243 364 1289 Nescio
375 1242 428 1304 quis
439 1241 544 1302 primus3
557 1240 660 1303 quisquis
671 1252 694 1287 at
703 1239 742 1287 ille
752 1238 809 1301 fuit,

222 1318 285 1369 Nulla
297 1334 389 1378 tamen,
404 1320 459 1367 dum
471 1333 568 1367 testator
579 1333 710 1383 superesset
719 1323 800 1382 Iesus,

276 1403 424 1449 Testamenti
433 1400 502 1464 hujus
511 1400 587 1447 fittera
597 1402 684 1464 scriptu
692 1399 743 1449 fuit.

472 1484 494 1528 X
511 1482 529 1528 C
546 1483 568 1530 V
585 1485 604 1528 1.

311 1561 437 1607 Errorum
447 1563 526 1623 plena
535 1561 700 1608 suutomnt'a.
714 1562 768 1611 (ἶῖο.Ι

220 1638 343 1705 lEgmtant
357 1638 457 1697 medici,
474 1636 610 1686 fraudantur
623 1641 672 1702 jure
686 1642 774 1704 periti,

273 1717 427 1767 Descendunt
439 1717 508 1765 multi
521 1719 543 1763 in
558 1731 641 1766 tartara
653 1719 772 1784 theiologi.

456 1798 478 1842 X
494 1799 513 1845 C
529 1799 550 1847 V
567 1801 579 1844 l
594 1801 613 1846 I.

385 1879 481 1925 Contra
495 1894 584 1924 omnes
600 1890 696 1943 gentes.

218 1958 358 2007 Conditlitin
369 1961 434 2005 tertis
446 1958 567 2007 hominem
577 1962 640 2007 Deus
651 1961 732 2006 unicus
743 1976 833 2024 unumt

273 2040 359 2087 Factus
369 2037 444 2086 homo
455 2038 543 2087 multos
556 2039 611 2086 fecit
620 2041 644 2085 in
655 2038 712 2088 orbe
721 2038 786 2088 deos.

447 2121 469 2165 X
485 2120 504 2166 C
521 2121 542 2170 V
558 2123 569 2166 l
585 2122 596 2165 l
612 2122 634 2166 l.

466 2201 500 2246 In
511 2200 609 2247 atheos.

215 2278 304 2328 Primus
313 2281 338 2327 in
347 2278 405 2327 orbe
416 2277 472 2326 deos
482 2279 538 2326 fecit
549 2282 635 2327 timor:
647 2291 682 2326 est
693 2291 786 2341 tamen,
796 2281 873 2334 eheu!

274 2363 337 2409 Pene
345 2361 390 2407 Dei
400 2359 502 2424 reliquus
512 2359 589 2407 nullus
598 2362 622 2406 iu
631 2359 689 2409 orbe
699 2363 777 2411 timor.

472 2440 496 2484 X
513 2441 532 2487 C
548 2441 560 2484 l
577 2441 607 2486 X.

275 2520 324 2568 Ad
332 2522 505 2566 Maecenaeem
518 2535 609 2576 suum,
622 2521 690 2566 Guil.
704 2521 805 2587 Sidley„

218 2599 328 2664 Longaevi
337 2600 389 2664 quis
398 2615 445 2645 non
457 2610 522 2662 optet
532 2598 574 2645 tibi
583 2601 692 2647 Nestoris
702 2605 794 2652 annos?

215 2739 220 2745 ἢ
277 2681 340 2734 Vota
349 2677 406 2728 facit
414 2691 494 2729 satum
504 2680 582 2744 qualia
591 2678 675 2744 vulgus
684 2681 757 2730 iners.

739 2780 755 2811 2
