2209 3575
209 435 256 470 212
355 434 515 469 SOAKMS
546 434 714 471 AUDOEM

412 519 431 564 L
448 521 471 565 X
488 521 510 565 X
524 519 546 563 X
561 520 608 566 VI
623 522 670 566 11.

441 600 528 645 Amor
536 614 627 645 caecus.

210 675 316 725 Ebrietas
324 688 348 724 et
360 693 426 724 amor
434 679 521 725 similes
532 698 538 724 t
551 680 664 743 extinguit
674 690 772 743 uterque

271 758 383 820 Corporis
392 757 492 805 ebrietas
503 758 603 815 lumina,
615 760 700 807 mentis
709 775 785 807 amor.

432 841 451 885 L
468 840 490 884 X
505 840 526 884 X
541 840 564 884 X
579 842 590 885 t
607 840 637 888 X.

350 921 376 967 S.
391 922 420 965 T.
430 918 516 965 divitis
524 931 714 967 testamentum.

211 998 298 1047 Omnia
307 999 348 1047 das
357 1001 412 1064 quia
422 1000 480 1046 nihil
489 1012 557 1064 potes
568 1000 622 1047 hinc
633 998 724 1048 auferre
735 1019 742 1047 r
752 998 812 1048 dedit

274 1082 300 1127 Si
312 1093 388 1129 tecum
397 1095 479 1145 posses
491 1081 571 1129 omnia
580 1080 654 1142 ferre,
668 1080 733 1128 nihil·

501 1163 524 1207 X
539 1161 568 1207 C.

334 1241 401 1299 Aer,
412 1258 495 1303 aqua,
506 1254 588 1300 terra,
600 1242 740 1305 infernum.

213 1320 286 1365 Terra
295 1335 449 1383 supernorum
458 1320 539 1368 sordes
550 1320 671 1366 immunda
682 1330 800 1383 receptat:

275 1401 356 1445 Terrae
364 1400 523 1447 immundities
532 1417 600 1448 orcus
609 1403 633 1447 in
641 1403 689 1447 ima
699 1399 777 1459 trahit.

211 1478 332 1543 Quidquid
340 1481 365 1525 in
374 1478 431 1525 orbe
439 1480 496 1527 mali
505 1494 542 1527 est
552 1480 676 1544 aliquando
685 1479 771 1527 feretur
782 1480 805 1525 in

274 1560 357 1607 Fertur
368 1572 394 1608 ut
404 1561 429 1605 in
437 1574 543 1608 centrum
555 1560 668 1626 quidquid
678 1563 702 1608 iu
710 1562 769 1609 orbe
777 1577 812 1626 gra

490 1643 513 1688 X
528 1642 546 1689 C
562 1645 582 1689 1.

381 1720 688 1767 Zodr'acuscltrr'stianus.

211 1799 293 1848 Coetus
301 1797 455 1865 apostoliens,
467 1801 571 1849 coelestia
581 1801 657 1850 sidera
666 1801 702 1848 bis
712 1816 769 1858 sex,

273 1879 436 1944 Zodiacusque
448 1879 519 1939 fides,
529 1881 565 1928 sol
574 1865 633 1929 mihi
642 1881 749 1938 Christus
759 1880 812 1929 erit.

475 1963 498 2006 X
519 1963 537 2010 C
553 1964 566 2007 I
582 1965 600 2008 1.

349 2041 456 2087 Erasmi
463 2041 621 2087 Eneomium
633 2042 732 2089 moriae.

215 2120 344 2169 stultitiam
357 2137 405 2168 non
416 2134 442 2169 tu
453 2119 552 2168 laudasti
564 2121 642 2180 solus,
654 2124 764 2179 Erasme3

274 2210 311 2257 Te
321 2207 417 2256 laudant
427 2207 493 2256 multi
502 2241 508 2265 ‚
521 2208 689 2272 stultitiamque
700 2219 772 2253 tuam.

463 2291 488 2336 'X
504 2290 523 2336 C
541 2293 553 2334 l
570 2292 616 2337 ΙΙ.

362 2371 395 2415 In
405 2371 562 2432 Gymnieum
570 2381 708 2430 pastorem.

209 2445 287 2494 Pascis
296 2461 352 2492 oves
362 2446 451 2505 verbis,
464 2461 501 2506 te,
515 2448 641 2510 Gymnice,
653 2463 711 2511 grex
720 2445 760 2492 alit
768 2444 812 2492 her‘

273 2529 323 2573 Scis
332 2525 448 2574 decimare
457 2543 555 2592 agrum,
564 2543 612 2576 non
620 2525 735 2575 medicare
742 2542 812 2592 grege
