2209 3575
242 255 291 305 effi
389 264 551 301 sorum
580 264 754 303 eunom

515 351 538 396 X
554 352 572 397 L
589 350 623 400 V.

275 432 322 479 Ad
332 432 402 479 uuit.
414 432 518 495 Sr'dley,
531 434 646 496 equitem
657 442 684 479 et
693 431 865 479 baroneltum·

245 512 306 559 AEre
315 526 390 559 meres
395 546 403 570 ,
413 522 437 559 et
447 524 472 559 tu
485 514 569 559 virtute
578 512 675 559 mereris
684 509 813 570 honorem

307 593 369 639 Cum
379 604 401 639 te
410 607 453 639 nec
464 602 568 651 mereat,
577 608 620 639 nec
632 604 750 639 mereatur
760 590 845 639 honor.

503 672 527 718 X
542 674 561 718 L
578 673 601 721 V
617 674 637 719 1.

502 752 552 799 Ad
564 754 588 799 J.
608 754 639 799 P»

245 832 428 889 Graeco-latius,
441 848 525 897 sagax,
537 833 630 896 sapiens
641 831 683 879 sibi
692 832 806 897 quaeritur
815 846 889 895 uxor,

307 916 413 978 Quaeque
422 912 519 977 figurate
530 912 667 977 syllogisare
677 913 735 959 sciet
746 929 754 971 3

245 995 305 1055 Quae
315 1010 370 1040 cum
379 994 493 1055 majorem
503 992 679 1056 praesumpserit
688 1004 759 1055 atque
769 993 891 1053 minorem,

306 1075 341 1118 Ex
350 1071 411 1119 male
419 1071 570 1135 praesumptis
580 1081 662 1134 urgeat
672 1087 728 1135 ergo
738 1072 822 1135 sequ13

245 1153 343 1203 Versata
352 1152 376 1197 in
387 1153 464 1215 parvis
474 1167 527 1216 quse
537 1150 681 1199 naturalibus
694 1150 753 1199 olim

307 1232 394 1293 Virgo,
403 1232 515 1295 magistra
525 1234 581 1279 artis
592 1248 653 1279 nunc
662 1232 726 1279 sitin
736 1242 787 1279 arte
795 1246 850 1295 επις

205 1354 208 1359 .
245 1309 276 1357 Et
285 1307 426 1373 respondeat
435 1310 606 1373 opponentibus
614 1312 725 1359 omnibus
735 1327 781 1359 una
790 1344 799 1371 ‚

306 1391 415 1454 Cumque
425 1406 469 1437 suo
479 1390 508 1437 de
522 1394 589 1438 omni
599 1392 697 1440 disserat
706 1402 760 1440 ente
771 1408 851 1458 proco.

187 1488 192 1499 *
245 1472 308 1518 Tam
319 1470 437 1517 rationalis
446 1470 506 1517 mihi
515 1473 534 1519 si
547 1475 691 1537 contingeret
701 1488 779 1534 uxor,

305 1549 426 1597 Mutarem
437 1561 528 1609 tecum,
540 1552 560 1598 si
572 1563 611 1599 tua
620 1550 689 1599 bruta
698 1554 768 1601 foret.

492 1632 515 1676 X
531 1632 550 1677 L
566 1633 589 1682 V
602 1634 614 1678 1
633 1634 652 1679 Ι.

396 1712 429 1756 In
440 1712 586 1758 Ramr'seam
602 1712 781 1762 bimembrem.

245 1789 334 1838 Definis
343 1789 462 1854 primum,
475 1801 524 1836 tum
533 1789 617 1839 dividis
627 1793 706 1840 omnia
716 1810 724 1853 ς
735 1809 830 1841 rursum

307 1869 408 1930 Definis,
417 1871 503 1916 iterum
513 1869 596 1920 dividis
606 1888 678 1926 omne
686 1889 768 1937 genus.

244 1951 256 1996 1
260 1968 274 1997 n
284 1963 320 1998 tot
330 1948 453 2013 particulas
464 1949 581 2014 generalia
591 1951 682 2016 singula
691 1952 795 2011 scindis,

307 2030 411 2095 Longior
424 2042 451 2077 ut
459 2031 551 2095 μέθοδος
561 2033 590 2078 sit
602 2043 641 2079 tua
654 2064 661 2091 ,
674 2047 745 2096 quum
755 2033 786 2082 sit
795 2031 850 2087 Bere.

479 2112 501 2157 Χ
517 2113 535 2157 Ι.
551 2113 574 2161 V
588 2112 601 2157 1
618 2113 666 2158 11.
684 2124 687 2133 ¹

340 2190 387 2238 Ad
396 2192 422 2240 S.
433 2192 559 2238 Paulum.
578 2192 616 2239 De
631 2193 735 2239 civitate
749 2192 808 2241 Dei.

245 2266 389 2319 Verberibus
397 2287 451 2317 cum
460 2286 535 2319 cresus
546 2287 597 2319 erus
608 2304 616 2332 ,
626 2270 733 2320 defensio
743 2289 847 2338 praesens
856 2306 864 2335 ,

307 2349 371 2396 Civis
381 2366 492 2398 romanus
501 2367 567 2410 sum,
581 2362 620 2399 tur
626 2387 633 2410 ,
644 2351 731 2413 Paule,
742 2353 795 2402 fuit.

244 2427 330 2478 Judicii
338 2445 448 2493 suprema
458 2432 506 2479 dies
516 2450 570 2480 cum
582 2435 672 2481 venerit
682 2469 689 2493 ,
700 2450 730 2481 un
745 2447 796 2483 tum

308 2512 363 2569 Sat,
378 2525 430 2557 sum
440 2527 567 2573 romanus,
578 2513 668 2575 dicere,
679 2515 736 2564 civis
751 2547 758 2576 ,
769 2517 830 2566 erit3
