2209 3575
235 469 526 505 inuuunt.
556 471 627 506 un.
653 470 697 506 ux.
750 464 797 521 275

366 556 385 600 L
402 556 425 600 X
439 556 461 600 X
477 556 499 601 X
515 557 526 601 Ι
542 555 572 605 V.

186 629 271 681 Omnia
288 652 461 699 quacumque
475 635 552 682 habes
568 635 669 694 vende,
687 649 714 686 et
728 638 765 685 da

261 717 429 779 pauperibuS.
446 726 496 767 Luc.
509 739 529 766 c.
547 723 571 766 18
583 757 590 779 ‚
602 739 621 766 v.
636 736 670 766 22.

390 799 423 842 In
437 814 534 844 avaros.

157 865 231 921 Ooeidit
241 878 340 924 miseros
350 876 402 924 haec
413 877 491 924 littera
502 879 574 924 tristis
586 893 684 937 avaros3

204 956 310 1020 Quidque
320 954 365 1003 sibi
375 956 430 1004 velit
438 955 476 1002 hic
486 958 584 1019 Spiritus
594 989 601 1015 ,
611 972 685 1021 usque
697 970 787 1021 rogant.

153 1027 237 1093 Spiritus
250 1036 295 1082 hoc
305 1035 349 1082 sibi
359 1035 409 1082 vult
418 1069 426 1094 ‚
436 1036 499 1100 quod
510 1053 551 1084 vos
562 1053 609 1082 non
619 1036 703 1093 vultis,
713 1039 776 1085 avari
787 1054 795 1086 ε

200 1115 342 1181 Pauperibus
352 1114 406 1163 dare
417 1116 466 1163 vult
475 1118 570 1175 omnia,
581 1132 671 1181 vosque
679 1117 746 1164 nihil.

374 1197 393 1242 L
409 1198 431 1241 X
445 1196 468 1241 X
483 1197 505 1241 X
520 1197 547 1243 V.

270 1277 302 1322 In
314 1278 421 1323 Sextum
434 1309 440 1332 ,
453 1276 655 1338 anabaptistam.

148 1346 239 1402 Tuibilis
252 1356 280 1401 uit
293 1370 366 1401 necne
377 1355 492 1412 ecclesia,
505 1357 588 1412 Sexte,
599 1355 717 1419 requiris?

198 1437 281 1485 Vestra
290 1434 429 1493 invisibilis,
440 1448 567 1499 nostraque
579 1435 682 1483 visibilis.

361 1518 380 1561 L
396 1518 418 1561 X
433 1516 455 1561 Χ
471 1516 565 1564 XVI.

340 1597 436 1643 Exulis
451 1599 584 1645 solatium.

144 1671 190 1722 Rou
199 1677 299 1725 extorris
307 1692 349 1723 ero
358 1709 365 1734 ‚
375 1676 433 1723 dum
441 1678 532 1735 vivam,
545 1688 651 1742 terraque
662 1676 751 1738 stabi15

195 1760 246 1806 Nec
255 1792 262 1818 ,
272 1757 329 1805 dum
344 1769 403 1806 terra
412 1757 489 1806 solum
499 1758 583 1808 dicitur
593 1793 600 1818 ,
611 1758 665 1807 exul
674 1774 725 1808 ero.

142 1833 165 1884 lu
173 1840 236 1887 coelis
246 1852 312 1886 extra
323 1852 456 1903 terramque
464 1838 589 1904 solumque
598 1839 696 1901 beatus,

194 1923 306 1969 Mortuus
319 1921 433 1978 extorris,
446 1933 553 1967 mortuus
564 1920 618 1968 exul
629 1936 680 1969 ero.

342 2002 362 2046 L
377 2000 399 2045 Χ
414 2001 437 2046 X
453 2001 475 2046 X
490 2001 537 2050 VI
553 2003 574 2048 1.

213 2083 301 2129 Homo
310 2092 433 2142 venator,
440 2084 558 2144 piscator
566 2095 593 2129 et
601 2096 705 2144 auceps.

139 2157 232 2211 Divitias
244 2174 269 2211 et
282 2179 340 2226 opeu
356 2179 445 2220 venor,
460 2161 540 2208 laudes
555 2175 580 2208 et
594 2160 696 2208 honores

195 2247 304 2307 Aucupor
314 2276 322 2301 ‚
332 2245 439 2307 expiscor
450 2244 565 2307 mystica,
577 2242 635 2288 scire
646 2240 709 2289 volo.

139 2320 198 2370 Dum
209 2323 296 2371 utullus
306 2322 412 2371 desidero
423 2325 496 2380 scire,
507 2321 622 2385 superbus
632 2321 736 2371 honore·

193 2401 298 2462 Ambio,
307 2402 361 2452 vilis
371 2419 441 2466 opes;
452 2404 540 2449 interea
549 2402 648 2448 intereo.

328 2485 348 2530 L
365 2484 387 2530 X
402 2485 424 2529 X
440 2484 555 2532 XVII
571 2484 591 2529 1.

378 2565 420 2611 De
440 2563 538 2610 iisdem.

136 2640 248 2692 uuounit
257 2643 320 2692 cauis
333 2644 357 2691 in
371 2654 446 2703 tem,
463 2645 579 2708 piscisque
590 2639 709 2708 profundo

110 2721 112 2726 '
194 2726 304 2784 Innatat,
314 2723 346 2773 ad
355 2722 428 2772 uoelos
438 2722 514 2775 avolat
524 2723 572 2773 ales
581 2725 639 2774 avis.
