2209 3575
239 259 307 309 270„
379 260 547 296 sonim
575 261 750 297 Annon!

492 348 510 393 L
526 347 575 393 XI
591 348 601 391 Ι
616 348 636 392 1.

455 426 488 472 In
498 429 677 473 Paracelsum.

238 502 372 567 Discipulos
382 515 449 551 terrae
459 521 510 552 esse
519 504 593 551 salem
603 521 657 552 cum
667 504 727 551 dicat
739 506 803 551 Iesus
809 534 817 563 ,

301 586 358 632 Esse
366 584 439 631 salem
451 596 536 631 terram
544 601 585 631 cur
594 584 726 632 Paraceisus
735 584 781 632 aiii

496 666 515 712 L
531 666 553 711 X
569 668 581 710 Ι
597 667 627 715 V.

504 747 545 792 De
560 749 622 792 ovis.

239 823 319 870 Induit
327 824 455 871 humanam
466 840 566 887 persona
577 824 676 871 secunda
689 824 786 889 figuram
798 841 805 870 ε

302 906 410 968 Oviparae
422 904 525 952 [onnam
536 905 601 951 teriia
612 908 712 968 sumpsit
723 906 778 952 avis.

238 981 342 1031 Piscibus
353 998 423 1047 atque
433 984 513 1032 avibus
522 983 642 1031 benedixit
651 983 759 1031 conditor
768 981 830 1031 orbis
841 1000 848 1030 ι

301 1063 418 1126 Viviparis
429 1062 488 1111 bene
501 1080 550 1110 non
563 1064 638 1123 dixit,
653 1076 677 1112 at
688 1064 798 1129 oviparis.

499 1143 532 1189 'L
549 1146 572 1189 X
588 1144 619 1194 V.

409 1222 450 1269 De
464 1226 548 1271 Roma
569 1236 595 1271 et
612 1224 718 1272 mundo.

239 1301 317 1349 Roma
326 1312 393 1347 vetus
406 1301 517 1363 quadrata
528 1302 585 1361 suit,
596 1304 744 1369 mundusque
753 1303 864 1353 rotundus
874 1320 880 1349 ε

300 1380 370 1427 Nunc
378 1378 479 1427 mundus
489 1382 578 1446 quadra
591 1396 641 1443 est,
655 1395 678 1430 et
687 1399 748 1434 nova
758 1388 836 1432 Roma
844 1393 900 1431 rota.

496 1463 553 1507 LX
569 1464 590 1513 V
605 1466 626 1513 Ι.

435 1542 573 1589 Generatio
586 1546 695 1607 magica.

240 1623 338 1681 illudat,
349 1620 453 1669 formosa
463 1624 512 1670 viro
522 1626 587 1687 quasi
597 1624 713 1683 succuba,
724 1623 836 1685 daemon,

302 1705 339 1749 Ex
351 1701 396 1749 hoc
405 1701 531 1749 concubitu
543 1719 590 1749 non
602 1716 725 1768 generaiur
736 1704 818 1752 homo.

240 1782 344 1833 Incubus
353 1795 377 1830 at
388 1797 496 1846 serpens,
507 1782 591 1831 mulier
601 1785 632 1830 sit
641 1780 756 1843 succuba,
767 1784 830 1832 nasci

301 1866 337 1910 Ex
349 1865 433 1910 Satana
444 1860 536 1909 soboles
549 1875 574 1910 et
588 1863 685 1911 muliere
698 1876 786 1928 potest.

241 1945 255 1995 .*
268 1947 297 1992 In
310 1943 417 2007 paradiso
429 1943 501 2008 igitur
511 1959 606 2007 serpens
619 1944 663 1991 fnit
676 1943 775 1992 incubus
786 1947 859 2004 Evae,

302 2027 397 2087 Evaque
407 2025 495 2088 peccati
509 2024 610 2071 succuba
624 2039 697 2072 mater
706 2038 767 2073 erat.

267 2111 280 2138 *
292 2112 317 2152 in
332 2113 431 2166 plerisque
447 2112 567 2154 editionibus
580 2115 716 2154 desiderantur
732 2115 753 2153 hi
771 2115 812 2154 duo
830 2109 892 2151 ultimi

240 2202 322 2240 versus,
336 2193 378 2234 sine
393 2192 465 2246 quibus
473 2191 522 2233 iliud
536 2193 656 2248 epigramma
670 2206 750 2234 sensum
759 2193 800 2234 iere
815 2190 889 2232 nulium
927 2246 929 2251 Ι

240 2267 330 2313 exhibet.
