2209 3575
236 458 283 493 210
384 456 545 494 sosium
573 461 743 498 susem

455 544 680 595 Lxxvlll.

472 625 649 673 Amatorium.

233 702 260 749 Si
271 713 294 748 tu
303 700 411 749 zodiacus
419 702 468 750 fieri
478 737 484 761 ‚
496 722 549 751 mea
558 690 655 762 ‘Lesbia‚
666 704 755 765 velles,

296 784 348 830 Hac
358 798 402 846 ego
412 782 448 830 sol
459 784 509 829 fieri
520 784 655 832 conditione
664 785 749 833 velim:

234 861 361 909 Zodiacum
371 864 395 909 in
404 875 454 910 ῐοιο
463 865 576 926 percurrit
587 864 623 911 sol
633 866 705 911 semel
715 880 776 912 anno
787 896 796 924 ‚

295 944 337 990 Ast
345 959 391 1007 ego
400 955 422 989 te
432 944 528 1007 quasis,
539 942 636 1000 Lesbia,
648 957 718 991 nocte
728 942 807 992 semel.

475 1024 494 1069 L
510 1023 532 1067 X
547 1025 570 1069 X
584 1026 597 1069 1
614 1024 644 1071 Χ.

388 1106 415 1154 A
417 1105 436 1150 d
443 1104 566 1151 librorum
581 1116 742 1153 castratores.

225 1186 282 1247 Qui
291 1186 388 1247 sapitis,
400 1186 473 1233 nolite
481 1202 562 1232 meum
573 1198 672 1232 castrare
684 1183 802 1244 libellum

295 1266 381 1328 Gignst
390 1265 466 1312 adhuc
477 1265 535 1312 alios
546 1277 571 1310 ut
581 1263 639 1311 liber
648 1265 693 1311 isto
702 1263 782 1311 libros.
837 1321 840 1326 Ι

375 1336 386 1347 “
488 1344 507 1388 L
524 1344 547 1389 X
564 1346 587 1389 X
601 1345 630 1389 X.

407 1423 439 1468 In
455 1425 568 1469 Gelliam
584 1426 708 1471 aulicam.

233 1499 322 1559 Gellia,
337 1501 389 1559 die,
399 1501 481 1560 sodes,
491 1502 571 1550 multis
581 1518 622 1549 cur
633 1501 730 1565 prodiga
738 1513 836 1565 praestas

266 1620 273 1624 ,
293 1582 341 1628 Uni
348 1582 489 1644 promissam
497 1598 594 1647 remque
602 1582 720 1645 fidemque
729 1582 795 1629 viroi

231 1662 290 1709 Mos
299 1673 365 1708 vetus
374 1673 410 1708 est
416 1695 425 1720 ,
436 1674 459 1708 et
471 1660 547 1709 adhuc
556 1676 637 1709 nostra
647 1673 751 1711 servatur
759 1663 784 1708 in
794 1660 861 1723 aula,

293 1740 400 1790 Pluribus
411 1754 438 1789 ut
447 1754 526 1806 pateat
535 1742 637 1791 clavibus
647 1760 693 1790 una
702 1758 762 1791 sera.

472 1824 492 1868 L
508 1824 531 1868 Χ
547 1825 569 1868 Χ
586 1824 608 1868 Χ
622 1826 643 1869 1.

334 1906 397 1951 Evae
407 1915 432 1949 et
440 1907 563 1966 serpentis
571 1905 787 1952 conciliabulum.

230 1985 355 2031 Peccatum
364 1984 453 2045 peperit
463 1998 540 2030 sermo
550 1986 665 2048 serpentis
674 1997 698 2031 et
709 1987 765 2032 Evae
775 2002 782 2030 z

168 2048 171 2056 Ι
292 2063 336 2111 Ille
346 2064 436 2111 utinam
445 2063 620 2118 mutus,surda
630 2063 721 2112 velista
729 2061 807 2111 foret!

458 2145 477 2188 L
493 2143 516 2187 X
531 2144 552 2189 X
570 2146 592 2188 Χ
608 2145 656 2192 11.

261 2225 309 2270 Ad
316 2224 458 2271 Robertum
468 2225 593 2281 Jonston‚
606 2223 849 2270 scoto-britannum.

229 2305 334 2367 Ingenii,
348 2304 477 2359 Jonzitone,
489 2303 522 2350 tui
531 2317 585 2348 sum
595 2302 668 2349 factus
678 2313 769 2348 amator
778 2334 786 2358 ,

291 2383 302 2405 *
313 2383 426 2428 Historiae
437 2381 538 2446 legerem
549 2381 606 2427 dum
618 2392 770 2428 monumenta
782 2392 837 2426 tuae.

229 2461 270 2508 Nil
281 2464 354 2524 magis
363 2462 489 2525 ingenuum
498 2497 506 2518 ,
518 2461 577 2506 nihil
586 2461 728 2524 ingeniosius
738 2471 803 2506 extat

291 2542 439 2604 Tqrgeminoe
450 2543 571 2588 Britonum
583 2542 659 2604 gentis
667 2541 692 2586 in
700 2539 806 2586 historia.

257 2629 269 2655 *
280 2631 376 2670 Nondum
384 2631 405 2669 in
415 2630 567 2684 vulgusediiae,
578 2631 603 2671 de
610 2629 669 2671 iebus
679 2627 791 2670 britannicis
800 2637 820 2669 et
827 2625 874 2668 hibe

228 2710 278 2751 uicis
287 2710 317 2751 sui
328 2711 427 2762 temposis.
