2209 3575
232 402 520 439 incusatum.
547 404 622 438 zu.
648 404 714 439 vu.
757 405 803 452 227

321 522 325 532 .
380 487 399 533 L
415 490 437 533 X
453 489 475 537 V
493 491 503 532 1
520 490 532 533 1
547 491 567 534 1.

332 569 374 615 De
384 571 468 631 pallio
482 581 509 615 et
519 570 620 615 tunica.

145 646 266 697 Coeruheas
276 646 334 695 olim
344 648 433 694 tunicas
441 645 712 712 manicasque.gerebant

206 728 337 791 Anglorum
348 729 423 786 Davi,
436 726 551 774 desidiosa
560 726 646 774 cohors
659 744 666 774 ε

144 806 216 855 Pallia
226 824 289 853 nunc
300 819 392 871 gestant
402 826 408 854 ε
422 824 463 854 cur
473 807 557 871 pallia?
567 819 633 855 veste
642 806 686 853 sub
696 807 742 856 ista

207 887 255 933 Hic
264 886 376 952 cyathum
386 887 482 951 pulchre
493 886 586 950 palliat,
597 886 636 935 ille
645 903 738 951 capum.

405 969 425 1015 L
440 970 463 1014 X
479 971 492 1014 1
511 969 540 1014 X.

433 1050 515 1095 Mors.

144 1127 283 1173 Humanum
292 1128 316 1173 in
327 1127 392 1174 terris
401 1128 459 1174 nihil
468 1141 504 1175 est
513 1127 630 1193 quodnon
637 1126 831 1191 sithumandum3

205 1209 290 1257 Avolat
299 1209 354 1255 hinc
364 1210 455 1255 animus
464 1226 471 1267 ;
483 1222 561 1257 cetera
569 1208 649 1257 sorbet
658 1208 752 1258 humus.

421 1288 441 1332 L
458 1287 479 1331 X
495 1286 522 1331 X.

325 1366 358 1410 In
370 1368 494 1411 Pontium
504 1377 619 1428 poetam.

143 1442 264 1491 Claudicat
273 1457 298 1491 et
307 1460 402 1507 semper
411 1444 495 1491 titubat
504 1445 563 1509 pede
573 1446 668 1494 Pontius
680 1462 743 1507 un03

204 1528 378 1572 Hexametrum
392 1526 497 1589 ingressu
508 1537 728 1593 pentametrumque
737 1528 816 1579 refert.

406 1607 425 1651 L
442 1606 464 1651 X
481 1607 503 1651 X
519 1608 538 1652 Ι.

370 1686 404 1731 In
420 1686 576 1733 Fabianum.

143 1766 182 1814 Tu
190 1764 228 1815 vel
239 1764 303 1831 quod
313 1764 369 1814 dicis
380 1766 466 1827 facito,
481 1767 517 1815 vel
528 1767 600 1816 dicito
609 1766 693 1816 saltem

205 1845 278 1910 Quod
286 1847 344 1899 facis
352 1864 359 1907 ς
367 1849 395 1894 'at
404 1860 515 1894 neutrum
527 1860 568 1907 tu,
578 1848 692 1908 Fabiane,
703 1847 771 1899 facin

393 1929 413 1973 L
429 1929 451 1973 X
465 1929 487 1973 X
502 1931 515 1974 1
530 1931 551 1975 1.

377 2008 463 2055 Edere
480 2009 567 2057 libros.

143 2085 233 2134 Accidit
241 2086 289 2133 hoc
300 2086 359 2133 mihi
368 2103 432 2151 saepo
442 2088 530 2135 volenti
539 2088 640 2137 scribere
648 2104 745 2151 versus,

206 2168 239 2213 Ut
248 2164 320 2213 libros
331 2165 398 2212 edam
409 2168 504 2228 plenus,
514 2168 590 2214 inanis
599 2167 676 2216 edam.

379 2248 436 2292 LX
453 2248 475 2292 X
489 2250 501 2293 1
517 2250 528 2292 1
544 2249 566 2293 1.

253 2326 372 2372 Hilarem
381 2327 499 2374 datorem
509 2329 581 2374 Deus
592 2326 689 2391 diligit.

143 2406 246 2453 Munera
256 2421 286 2452 ne
297 2422 406 2466 numera,
418 2408 509 2455 miseris
519 2423 675 2472 quaecumque
685 2406 769 2459 dedisti
773 2426 783 2475 ς

205 2487 236 2534 ln
245 2485 310 2534 coelis
319 2499 427 2563 numgrat
435 2519 443 2548 ‚
452 2500 561 2538 munerat
571 2486 691 2537 illabens.
