2209 3575
279 451 323 499 tufi
406 459 802 497 totxnxttnnonnr

275 551 370 596 Scottus
379 549 442 594 enim
451 558 544 611 pactum
554 548 681 609 parmensis
694 546 802 593 daemone
815 543 870 593 feeit

339 630 444 691 Cumque
453 628 540 674 sciente
549 630 632 691 magis,
647 644 748 690 cumque
758 639 856 689 potente
865 624 950 690 megit-

276 708 348 772 Haud
357 724 422 755 secus
430 710 454 753 in
466 709 555 772 magnis
565 724 647 771 regum
656 709 697 771 qui
707 707 790 753 militet
799 706 857 752 aulis

337 786 386 834 Sub
395 786 491 833 domino
500 803 581 834 servus
591 790 650 834 mira
659 797 754 850 potente
768 798 855 849 potest.

500 869 519 913 L
535 868 558 912 X
573 868 595 912 X
611 868 633 912 X
649 869 660 911 t
677 867 703 915 V.

431 945 463 991 In
480 946 591 1009 Ruffum
606 946 776 1007 hypocritam.

275 1026 393 1083 Uenetos,
402 1027 479 1089 inquIs
489 1060 496 1083 ,
507 1025 561 1073 fecit
571 1026 716 1089 ignorantiu3
728 1026 831 1087 primum

338 1109 403 1153 Inter
412 1106 508 1156 devotos
518 1106 548 1152 do
561 1105 601 1153 tibi
612 1139 618 1163 ‚
630 1103 700 1149 Rufse
711 1138 718 1161 ,
729 1104 816 1151 locum.

514 1188 533 1232 L
549 1187 571 1231 X
586 1186 609 1230 X
625 1186 646 1230 X
661 1185 689 1233 V.

441 1265 489 1311 Ad
498 1266 600 1328 Anglos
609 1298 615 1321 ‚
625 1265 767 1327 problema.

277 1345 347 1393 Gallo
357 1377 364 1402 ,
374 1346 500 1407 Hispano,
513 1344 589 1403 Italo,
601 1346 665 1407 parvi
675 1360 716 1390 cur
726 1342 834 1406 penditur
844 1342 921 1390 uxor?
945 1367 948 1371 ·
963 1337 965 1342 ¹

339 1423 454 1473 Gentibus
465 1424 501 1471 his
512 1424 597 1471 mulier
606 1424 669 1471 nulla
681 1423 793 1471 videtur*
804 1424 885 1470 homo.

303 1505 317 1531 *
331 1506 440 1554 Homines,
456 1504 539 1544 semines
555 1519 560 1543 z
577 1505 685 1555 hombres,
703 1516 793 1559 mugetes
810 1520 815 1543 ι
832 1502 936 1554 huomini,

277 1587 353 1629 denne.

502 1648 521 1692 L
538 1647 560 1691 X
576 1647 598 1691 X
615 1647 636 1691 X
651 1646 673 1695 V
688 1647 709 1693 I.

444 1746 478 1792 In
488 1747 597 1792 cinnam
603 1779 611 1804 ,
626 1745 764 1792 medicum.

276 1824 373 1874 Tollere
383 1825 427 1872 scis
439 1824 535 1871 inotbos
545 1841 552 1882 ς
563 1837 586 1871 at
596 1823 732 1888 quomedo?
742 1823 804 1871 tollis
814 1834 838 1870 et
847 1837 924 1888 oegtou
934 1837 942 1884 3

340 1905 456 1969 Quodque
466 1905 537 1963 facis,
549 1904 620 1952 Judas
633 1918 673 1964 ut,
686 1907 734 1952 cito
744 1906 817 1952 Cinna
828 1904 894 1952 facie.

276 1988 325 2048 Qui
334 1999 386 2034 tuus
396 1999 433 2032 est
442 1987 546 2048 patiens,
559 2001 574 2031 o
584 1997 665 2048 terque
675 1996 802 2049 quaterque
812 1981 924 2032 beatum!

338 2068 468 2132 AEgrotare
478 2064 546 2111 illum
557 2081 606 2111 non
615 2067 702 2129 patiere
712 2064 759 2111 diu.

487 2149 506 2193 L
522 2147 544 2191 X
560 2147 582 2192 X
599 2148 620 2191 X
636 2148 683 2195 VI
699 2150 720 2192 1.

348 2229 482 2276 Habemus
493 2244 574 2274 unum
586 2227 742 2273 advocatum
753 2228 779 2272 in
789 2228 868 2271 eoelis.

277 2306 427 2356 Causidicum
436 2309 459 2352 in
468 2306 532 2353 coelis
544 2323 615 2352 unum
624 2341 630 2363 ‚
640 2305 818 2369 inquitPaulus‚
830 2304 952 2355 habemus.

338 2389 428 2434 Praeter
439 2403 494 2433 eum
503 2389 602 2451 numqui
612 2398 666 2433 sunt
677 2385 710 2431 ibi
720 2383 850 2432 causidici?

473 2469 492 2511 L
510 2468 532 2512 X
547 2469 569 2512 X
584 2468 607 2512 X
622 2469 644 2516 V
661 2469 672 2511 1
687 2468 700 2511 I
718 2469 736 2510 Ι.

348 2545 397 2592 Ad
406 2558 484 2592 aetete
490 2547 628 2607 juvenem,
642 2547 755 2593 moribus
767 2560 862 2591 senem.

205 2630 207 2634 ’
276 2627 326 2675 Cur
335 2625 437 2690 podagra
447 2628 577 2689 insequitur
585 2627 693 2686 juvenem
703 2639 737 2684 te,
749 2627 834 2672 Martie
844 2624 967 2674 alumnum

338 2708 510 2770 Musarumque
519 2737 527 2767 ,
537 2721 620 2753 tenum
630 2723 683 2771 quae
693 2705 753 2754 tolet
761 2721 811 2753 esse
821 2720 901 2752 eomes
911 2705 921 2751 3
