2209 3575
239 429 306 489 1⁸6,
368 439 548 477 seuam
581 438 762 475 aunuum

238 527 369 577 Exaltando
377 526 448 592 pedes
458 527 573 586 humiles,
584 526 612 574 de
622 525 676 575 sede
685 525 814 590 superbum

299 608 435 673 Dejieiendo
443 620 513 672 caput
524 624 568 681 ,ρ
576 607 662 672 probat
671 623 722 655 esse
731 607 811 654 deum.

469 689 488 735 L
504 690 526 733 X
541 689 564 735 X
580 691 593 734 l
608 689 620 732 I
636 690 656 734 Ι.

236 768 289 839 'Ad
301 766 427 815 Thomam
437 768 629 827 Gdalonerum,
643 769 773 830 equitem,
784 767 895 815 Heurtci

377 886 381 894 .
405 850 532 910 principis
541 850 723 894 camerarium.

236 927 348 987 Artibus,
358 944 373 975 a
383 929 483 985 teneris,
492 926 582 974 imbute
592 926 689 974 fideliter
699 960 706 986 ,
716 927 782 974 annis
792 959 800 986 ,

298 1008 410 1071 Principis
419 1009 496 1055 evexit
506 1023 590 1070 quem,
604 1007 734 1054 Clralonere
744 1040 751 1064 ,
764 1006 846 1066 lavor,

236 1091 289 1150 Te,
300 1101 328 1142 ru,
335 1106 391 1135 nam
400 1101 479 1136 tenues
489 1104 537 1135 non
547 1089 676 1151 aspernaris
685 1089 785 1145 amicos,
854 1096 859 1106 '

218 1208 220 1211 ,
296 1170 354 1216 Nou
364 1169 418 1233 quia
427 1168 459 1215 sis
469 1180 562 1228 tantus,
573 1166 614 1214 sed
623 1168 677 1230 quia
687 1166 750 1225 talis,
762 1183 826 1214 amo.

475 1249 494 1294 L
510 1250 531 1293 X
546 1250 570 1293 X
585 1251 596 1294 l
612 1249 636 1296 V·

305 1328 392 1385 Amo,
401 1328 475 1373 vocis
482 1330 606 1390 passuum
616 1343 706 1385 amor,
721 1329 820 1375 actiuae.

235 1406 348 1471 Quisquis
358 1417 435 1464 amat,
447 1408 530 1464 servit3
542 1406 691 1464 dominatur,
703 1408 807 1471 quisquis
815 1420 924 1458 amatur:

295 1487 409 1551 Quisquis
418 1499 496 1545 amat,
506 1487 607 1549 patitur,
618 1487 723 1551 quisquis
732 1500 824 1536 amatur
833 1521 842 1547 ,
852 1490 909 1554 agit.

491 1567 630 1617 Luxu

341 1645 373 1691 1η
383 1645 501 1703 Iulium,
512 1645 781 1708 pseudomonachum.

233 1723 309 1774 Julius
319 1726 344 1773 in
353 1724 442 1773 mundo
453 1741 500 1772 non
510 1737 559 1784 est3
572 1738 596 1771 at
605 1725 706 1773 mundus
715 1727 740 1773 in
750 1726 792 1775 illo
801 1738 845 1775 est.

480 1806 499 1851 L
514 1806 537 1850 X
551 1805 575 1850 X
588 1806 611 1854 V
626 1806 647 1852 1.

418 1885 542 1932 Sacerdos
550 1896 578 1931 et
581 1887 704 1947 populus.

231 1962 365 2028 Presbyteri
372 1961 439 2010 labiis
450 1975 531 2020 orant,
542 1962 641 2026 laicique
651 1962 757 2012 laborant
766 1982 773 2023 ;

293 2043 362 2092 Plebs
369 2076 376 2102 ,
384 2042 442 2090 dum
449 2058 493 2106 pro
503 2041 591 2105 populo
600 2042 723 2108 presbyter
733 2055 799 2104 orat,
809 2057 867 2094 aras.

460 2122 480 2167 L
497 2123 519 2166 X
536 2123 622 2169 XVI
638 2124 659 2167 Ι.

463 2204 497 2248 Iu
505 2203 608 2247 Iulium
617 2203 654 2248 ΙΙ.

160 2343 165 2353 ἱ
230 2281 291 2328 Ecce
300 2280 314 2327 d
318 2298 348 2329 uo
358 2281 441 2347 gladii,
453 2282 547 2330 Christo
556 2283 638 2328 Petrus
647 2281 732 2329 ensifer
740 2284 831 2348 inquit,

291 2365 352 2409 Ecce
361 2361 414 2410 duae
424 2362 514 2421 claves,
525 2378 541 2408 ο
549 2364 631 2419 Perre,
642 2361 747 2410 Christus
757 2366 797 2412 ait.

228 2441 343 2506 Deposuit
352 2444 432 2488 Petrus
441 2442 543 2506 gladium
555 2475 562 2501 ,
571 2441 694 2506 clavesque
700 2446 787 2507 recepit
796 2459 804 2493 z

290 2522 396 2585 Deponis
406 2521 482 2573 clares
492 2533 516 2569 tu
526 2554 534 2580 ,
549 2519 701 2588 gladiumque
711 2524 783 2588 rapis.
