2209 3575
247 437 498 482 nossemus,
521 407 568 473 ete.
590 437 653 471 un.
678 436 741 471 m.
772 423 822 487 ⁵¹⁹

425 522 553 585 Lxlu

304 607 353 652 Nil
358 607 414 652 sine
422 606 515 651 amicis
517 600 678 663 jucundum.

175 678 229 743 Quid
239 681 280 729 tibi
288 681 417 746 jucundum
426 683 542 730 submotis
551 692 613 728 esset
623 680 718 739 amicis,

229 762 319 810 Cuncta
330 761 372 810 tibi
382 778 525 836 quemquam
534 763 582 808 siut
591 758 708 808 cumulata
716 757 794 806 bonai

170 837 281 907 Uter-ego
290 854 327 889 est
334 858 402 890 verus
410 875 417 900 ,
426 842 573 906 multumque
583 840 694 905 probatus
703 839 806 899 amicus,

224 924 279 984 Quo
287 921 357 972 nobis
366 922 437 971 debet
447 924 521 970 carius
529 938 580 970 esse
590 920 658 969 nihit

437 1004 457 1049 L
473 1004 495 1049 X
510 1004 539 1053 V.

196 1084 288 1130 Amici
293 1087 367 1147 prius
376 1084 499 1148 eligendi,
511 1085 590 1131 electi
597 1098 698 1146 semper
704 1077 840 1129 reer'nends'.

164 1159 213 1209 Non
224 1176 312 1211 temere
320 1164 444 1222 admittas,
452 1165 496 1212 uisi
506 1162 578 1210 fidum
587 1164 651 1210 noris
663 1162 778 1219 amicum

219 1242 267 1291 Sed
278 1243 351 1291 semel
360 1243 476 1291 admissus
485 1259 579 1306 semper
586 1241 707 1291 habendus
715 1241 767 1290 erit.

420 1325 440 1369 L
457 1325 479 1370 X
495 1324 516 1371 V
531 1326 551 1369 L

290 1404 362 1457 Scire
369 1405 436 1451 mori
445 1414 484 1450 ert
493 1402 575 1449 honos
583 1406 681 1449 mortis.

159 1481 245 1530 Mortis
254 1482 333 1530 honos
344 1495 381 1530 est
389 1484 448 1531 scire
456 1483 531 1541 mori5
543 1483 644 1548 vitaeque
651 1480 729 1529 beata

219 1564 302 1610 Exitus
312 1575 347 1610 est
358 1566 435 1621 testis,
445 1564 486 1627 qui
496 1564 545 1609 sine
553 1561 606 1610 lube
615 1561 668 1612 fuit.

404 1645 424 1689 L
439 1645 461 1688 X
477 1644 498 1692 V
514 1644 526 1688 I
541 1646 565 1690 1.

358 1767 363 1774 s
390 1726 454 1786 Quis
462 1726 497 1769 sit
505 1723 582 1771 dives.

158 1813 211 1862 nou
219 1813 269 1859 est,
281 1801 350 1850 crede
359 1804 432 1863 mihi,
442 1805 489 1852 mul
494 1817 529 1851 tos
540 1805 582 1870 qui
591 1801 698 1868 possidet
706 1816 791 1868 egros,

214 1885 301 1944 Dises5
314 1882 355 1931 sed
367 1884 443 1943 dives,
457 1886 495 1932 eui
503 1886 559 1932 setis
570 1875 701 1950 uuus‘sger.

393 1967 413 2013 L
428 1967 484 2015 XV
499 1968 511 2011 l
525 1967 537 2013 1
549 1967 571 2014 1.

310 2090 312 2095 ,
414 2047 549 2093 Ls'beralt't.

156 2120 219 2184 Ques
228 2123 295 2189 inopi
303 2137 328 2172 et
336 2123 399 2173 dulci
407 2125 477 2174 laetus
486 2123 584 2173 donabis
595 2125 671 2172 emico
676 2157 686 2184 ,
725 2154 727 2159 .

214 2204 373 2269 Temporibus
384 2205 454 2253 nullis
464 2206 592 2269 eripientur
603 2220 667 2268 opes.

415 2288 434 2332 L
451 2287 474 2331 X
490 2288 501 2331 l
517 2287 549 2332 X.

239 2365 358 2429 AEgmei
366 2383 417 2415 non
426 2379 553 2414 curantur
562 2381 579 2411 a
588 2363 715 2427 pluribus.

154 2449 289 2508 Nunquam,
300 2443 367 2493 crede
378 2447 449 2506 mihi,
460 2463 474 2494 a
484 2446 569 2494 morbo
578 2441 697 2492 curabitur
705 2458 787 2511 aeger,

213 2525 239 2575 Si
247 2525 328 2578 mulus
337 2527 434 2579 medicis
444 2529 544 2581 creditur
556 2544 602 2578 uun
610 2527 690 2581 febris.
