2209 3575
294 437 581 473 unumun-
607 440 675 473 m.
704 441 765 477 ur.
800 439 844 473 υι

430 506 624 553 ΧΧΧΙΙΙ.

469 587 605 633 Homerus.

215 658 305 709 Mentiri
315 678 405 712 caeeum
414 678 487 710 nemo
497 665 595 710 miretur
605 666 737 711 Homerum
747 680 754 711 ε

267 741 359 791 Auritus
372 743 451 800 testis,
464 759 512 788 non
524 743 629 791 oculatus
641 777 648 801 ‚
659 756 715 791 erat,

450 822 473 867 X
487 821 510 865 X
524 822 546 866 X
562 824 573 867 1
590 823 620 872 V.

467 901 602 946 Erasmus.

217 976 326 1037 Quaeritur
335 977 397 1026 unde
407 976 448 1025 tibi
457 980 488 1025 sit
497 994 584 1025 nomen
596 966 724 1027 Erasmus?
734 979 790 1026 Eras
801 992 862 1027 mus.

455 1060 604 1122 Responsio.

267 1137 292 1183 Si
302 1152 355 1184 sum
365 1152 419 1185 mus
429 1152 473 1208 ego
485 1170 491 1196 ,
504 1149 525 1183 te
535 1135 623 1198 judice,
635 1150 742 1183 summus
754 1149 802 1183 ero.

465 1218 488 1263 X
503 1219 525 1263 X
542 1218 565 1263 X
582 1218 608 1267 V.

341 1297 455 1355 Parum,
467 1297 546 1357 nihil,
559 1300 649 1356 nimis,
660 1298 731 1343 satis.

216 1375 295 1440 Pauper
304 1376 328 1423 iu
339 1374 399 1423 orbo
409 1392 506 1440 parum,
518 1377 638 1425 mendicus
648 1378 682 1423 nil
693 1376 765 1423 habet
777 1391 891 1441 usquam

269 1456 340 1505 Dives
349 1452 422 1502 habet
432 1456 547 1513 nimium
560 1458 612 1519 quis
622 1491 629 1514 ,
643 1457 687 1503 nisi
697 1471 783 1516 nemo,
795 1458 851 1505 satis
860 1459 871 1506 3

452 1536 473 1580 X
489 1536 511 1581 Χ
527 1537 549 1581 Χ
564 1538 586 1586 V
601 1539 620 1581 1.

247 1615 292 1665 Aa
301 1616 446 1663 acaricum
460 1617 592 1673 Woteon,
605 1618 734 1679 equitem,
745 1616 812 1681 regis

393 1696 524 1760 legatum,
536 1707 601 1755 eta,
614 1699 682 1743 1612.

217 1773 242 1822 In
250 1773 337 1836 dubiis,
346 1774 478 1832 Wottone,
491 1776 537 1822 mei
547 1793 594 1823 non
604 1776 730 1824 immemor
738 1773 814 1836 olim,

270 1858 348 1915 Serio,
361 1855 493 1913 sefflica,
505 1873 557 1903 sum
568 1873 660 1904 memor
669 1891 675 1917 ,
683 1875 749 1916 ecce,
762 1859 802 1903 tui.

217 1936 291 2001 Nuper
300 1936 363 2002 apud
372 1938 477 1987 Venetos
488 1937 604 2002 logatum,
615 1941 710 2004 jamque
720 1935 840 1984 Sabandos
851 1969 859 1995 ‚

273 2017 362 2078 Fauor,
374 2033 404 2065 an
414 2018 438 2063 in
447 2019 546 2081 patriam
557 2035 667 2082 prospera
676 2019 727 2068 vela
738 2015 830 2064 vehunt.

219 2095 283 2160 Regis
293 2113 368 2162 opus,
379 2112 477 2161 pensare
487 2107 539 2144 tuos
550 2131 557 2157 ‚
569 2099 686 2156 Henrice,
699 2095 791 2141 labores
802 2110 808 2138 :

272 2177 358 2226 Nescio
367 2209 375 2237 ,
385 2188 500 2224 secretum
510 2188 559 2235 est,
570 2175 678 2240 quand03
689 2171 830 2238 aliquando,
840 2171 898 2222 scin.

441 2258 464 2302 X
480 2257 501 2302 X
517 2259 539 2302 X
556 2259 579 2306 V
596 2259 608 2300 I
623 2259 644 2302 I.

435 2338 543 2400 Respice
547 2337 641 2398 finem.

215 2411 297 2481 Omega
305 2414 427 2481 distiuguit
436 2419 538 2476 misero,
552 2433 599 2464 non
609 2415 678 2481 alpha
686 2447 694 2475 ‚
703 2413 799 2464 beatum

268 2501 326 2545 Ante
336 2496 429 2544 obitum
439 2495 495 2546 felix
504 2513 575 2546 nemo
584 2531 591 2556 ,
602 2513 645 2545 nec
658 2508 711 2544 ante
723 2498 803 2545 miser.
