2209 3575
331 469 618 508 moturum.
640 475 711 512 m.
735 471 781 514 tu.
835 466 881 519 261

502 560 525 607 X
538 561 561 606 X
573 562 603 607 X.

362 640 476 687 Honoris
490 643 594 688 venalis
607 642 741 707 apologia.
822 680 826 684 .

439 720 487 768 Ad
506 720 661 768 baroneteos.

242 781 313 844 lutum
319 814 447 864 urtumque
453 812 477 848 et
482 800 559 849 honor
565 799 668 850 fortunae
675 813 729 850 eunt
739 802 801 853 bona
810 807 880 855 sortis
886 830 895 869 5

287 876 404 944 Quidquid
415 891 438 927 et
446 880 552 928 humano
562 880 649 945 pendet
659 882 689 930 ub
699 883 804 933 arbitrio.

239 947 324 1018 Forma,
334 958 457 1019 valetudo,
470 960 544 1020 vires,
556 958 618 1008 bona
627 964 732 1027 corpon's
743 963 801 1010 ulmi

287 1040 338 1087 Non
349 1052 447 1104 possunt
456 1042 546 1105 pretio,
556 1058 600 1089 nec
609 1040 672 1089 bona
682 1044 781 1102 mentis,
792 1044 850 1093 emi.

234 1112 332 1182 Impietas
341 1120 445 1167 mimam
454 1132 503 1181 est,
514 1122 604 1169 insania
614 1119 714 1170 vendere
723 1138 808 1185 corpus
820 1131 826 1169 t

281 1200 409 1248 Fortunam
418 1198 453 1249 fut
462 1214 498 1249 est
506 1200 608 1251 vendere
618 1234 625 1260 ,
635 1202 669 1249 fae
681 1218 770 1251 emere.

481 1284 504 1330 X
519 1286 542 1330 X
557 1286 580 1330 Χ
594 1286 616 1332 Ι.

415 1362 553 1411 Aueorieas
567 1375 594 1411 et
606 1366 681 1412 ratt'o.

225 1437 249 1488 Iu
257 1440 323 1490 dictio
331 1441 456 1490 hominum
467 1456 515 1491 nou
526 1444 578 1508 quis
587 1443 727 1503 considero,
742 1442 784 1492 eed
793 1444 848 1511 quid
860 1463 867 1493 t

279 1523 369 1571 Contra
378 1522 404 1569 iu
413 1520 509 1580 divinis,
523 1538 572 1569 uon
581 1539 656 1589 rogo,
667 1523 724 1589 quid
735 1523 745 1572 3
755 1539 829 1589 rogo,
842 1524 909 1591 quis!

470 1604 493 1650 X
507 1605 530 1650 X
544 1604 567 1649 Χ
581 1608 593 1652 Ι
608 1606 630 1653 1.

491 1684 610 1748 Lucifer.

218 1761 389 1815 Stellamicune
397 1763 497 1815 Veneris
506 1776 621 1813 nocturna
632 1763 762 1832 diurnaque
772 1774 868 1816 noctem

279 1847 384 1893 Nuntiat
392 1843 487 1892 inducto
496 1860 605 1909 vespere,
617 1862 688 1896 mane
696 1846 769 1898 diem.

217 1924 244 1973 lu
253 1925 315 1975 coelo
328 1941 421 1989 semper
429 1925 506 1974 solem
516 1928 644 1974 comitatur
653 1940 748 1976 euntem
760 1944 769 1975 e

277 2008 309 2054 In
321 2017 383 2057 terra
391 2004 469 2055 lucem
478 2023 520 2054 cur
530 2006 591 2074 fugit
601 2024 659 2074 ergo
669 2009 767 2062 Venus?

452 2089 475 2134 Χ
492 2088 514 2134 Χ
529 2088 579 2133 XI
598 2090 647 2135 11.
694 2116 696 2121 ·

436 2167 477 2215 De
487 2167 545 2229 stne
560 2167 662 2214 mundi.

218 2245 328 2296 Narravit
338 2247 422 2294 Moses
431 2249 542 2295 Genesim
554 2281 561 2308 ‚
574 2244 705 2311 primordie
714 2244 814 2295 mundi:

277 2326 380 2376 Exodon
390 2338 414 2374 at
423 2327 491 2376 nobis
501 2327 577 2377 dicere
588 2343 636 2379 non
648 2327 734 2392 potuit.

460 2409 483 2454 X
498 2410 521 2455 X
536 2409 559 2455 X
574 2411 587 2455 l
603 2408 630 2459 V.

423 2490 471 2539 Ad
485 2493 676 2538 PoneiIianum.

214 2567 420 2620 Uxoresnessonas
431 2568 498 2618 binus
508 2569 551 2618 tibi
562 2582 672 2635 praestet,
683 2585 711 2618 an
724 2585 797 2620 uuum

277 2652 371 2699 Ducere
379 2648 513 2709 difficilem,
523 2650 668 2709 Pontiliane,
680 2651 767 2715 rogas?

216 2728 361 2780 Alterutrum
373 2729 394 2778 ei
403 2729 434 2775 eit
443 2728 502 2777 mihi
511 2728 572 2776 serre
583 2744 678 2777 necesse
689 2729 822 2786 malorum,

278 2809 350 2874 Quod
360 2808 485 2857 minimum
494 2820 542 2870 eet,
555 2824 627 2859 unam
638 2807 723 2858 ducere
732 2809 796 2857 mulo
807 2807 902 2857 mulum.
