2209 3575
369 481 721 519 Πιῦιιιιιιυι.
825 470 872 523 515

496 570 517 613 X
533 570 591 614 XI.

341 648 506 712 Comparatio
518 659 619 695 naturae
628 650 742 696 statari.

216 728 333 776 Naturam
342 729 422 792 paucis
431 742 580 787 contentam,
592 728 689 794 quilibet
697 730 773 794 inquit
788 746 796 778 t

278 810 385 873 Quisque
393 810 465 856 etiam
474 809 543 867 dicit,
555 813 654 873 Semper
663 826 745 857 avarus
754 821 817 874 eget.

216 888 309 936 Censeo
318 888 350 934 nil
360 890 426 949 miri,
438 890 478 937 sed
488 906 570 939 verum
579 890 656 937 dicere
666 902 777 955 utrosque
787 908 795 937 e

277 970 340 1016 Nam
349 982 430 1017 nutura
438 986 535 1035 parum,
547 970 579 1017 nil
590 970 632 1019 sud
640 986 723 1022 avarus
732 969 811 1020 habet.

478 1053 500 1097 X
516 1053 539 1096 X
555 1054 605 1098 11.

437 1131 487 1177 Ad
500 1131 651 1195 Cynthium.

216 1211 260 1257 Me
268 1225 311 1256 sex
321 1208 437 1269 montifeti
446 1222 577 1270 torserunt,
588 1211 702 1275 Cynthia,
714 1198 809 1260 murbie

279 1290 325 1336 His
334 1290 411 1352 major
418 1291 480 1337 senis
490 1291 604 1354 septimus
614 1302 650 1339 est
658 1291 772 1339 medicus.

464 1373 486 1417 X
502 1372 525 1417 Χ
539 1373 551 1417 Ι
568 1375 580 1418 1
596 1373 616 1418 1.

277 1450 312 1497 In
324 1452 470 1498 Bueconem
481 1483 488 1508 ,
500 1451 648 1498 libertatem
666 1453 813 1501 voluntatis

433 1573 437 1581 .
468 1544 617 1596 negantem.

216 1612 320 1659 Miratur
331 1627 402 1658 nemo
414 1611 478 1676 quod
488 1612 520 1658 sis
531 1611 607 1660 malus
619 1629 626 1660 t
638 1611 668 1660 ud
677 1611 757 1676 bona,
769 1615 863 1674 Bucco,

278 1691 396 1746 Libertate
406 1708 486 1749 cares,
498 1692 528 1739 ad
540 1693 602 1740 mala
611 1709 705 1758 semper
713 1691 794 1741 habes.

475 1773 498 1818 Χ
512 1772 535 1819 Χ
549 1774 562 1818 1
579 1775 611 1824 V.

386 1852 518 1916 Lygdami
531 1854 702 1918 epitaphium.

216 1934 352 2002 Lygdamus
365 1932 404 1980 hic
415 1934 493 1997 jaceo,
507 1933 597 1982 morbis
608 1946 761 1999 consumptus
773 1944 798 1982 ut
808 1931 874 1982 annis
886 1949 895 1982 t

278 2017 333 2068 vita
340 2014 399 2062 mihi
408 2014 518 2074 mnibus,
528 2031 593 2063 mors
603 2015 717 2063 medicina
727 2013 781 2062 fuit.

491 2097 514 2142 X
531 2097 552 2142 X
567 2097 595 2146 V.

440 2174 490 2223 Ad
501 2178 651 2224 Lentulum.

217 2257 312 2308 Duxisti
320 2255 424 2314 Galum,
434 2258 513 2321 nupsit
522 2256 565 2304 tibi
574 2255 641 2304 Galia
650 2256 735 2304 marito
741 2272 749 2315 ς

279 2337 402 2402 Numquid
412 2353 437 2384 se
445 2353 560 2396 uxorem,
571 2350 640 2401 teque
650 2333 756 2399 professa
763 2336 842 2384 vitum
850 2331 906 2385 est!

217 2420 266 2467 Cur
275 2419 344 2483 igitur
353 2431 440 2466 vestras
450 2419 572 2477 mutastis,
584 2418 697 2475 Lentule,
709 2416 804 2480 pertesi

279 2500 345 2549 Uxor
356 2514 381 2547 es
390 2501 469 2547 uxoris
480 2496 536 2557 ,sad
548 2509 602 2546 tuus
611 2496 652 2545 iila
661 2498 697 2544 vir
704 2507 749 2545 est.

476 2579 499 2625 Χ
514 2579 537 2624 Χ
550 2578 574 2628 V
588 2580 610 2624 1.

354 2659 389 2706 In
395 2659 573 2724 fabricatores
590 2671 733 2704 armorum.

188 2724 193 2735 ⁵
215 2742 344 2810 cogimus,
356 2756 400 2798 en,
413 2740 485 2788 etiam
495 2751 598 2786 mortem
608 2753 733 2802 properare
743 2753 785 2807 per
794 2734 874 2790 utet!

278 2818 385 2872 Pluribus
397 2830 423 2868 ut
433 2820 510 2871 veniat
518 2817 603 2867 sortior
611 2818 652 2867 itta
661 2818 713 2869 viis.
