2209 3575
222 431 512 470 umanum.
535 432 608 467 uu.
631 434 714 469 τω.
751 422 797 477 243

403 519 427 565 Χ
441 519 464 564 Χ
479 519 501 563 Χ
515 519 537 566 1.

326 598 463 647 Gerundt'a
475 610 502 644 et
515 599 618 661 supina.

152 676 228 738 uiuo,
239 678 296 727 dum
306 680 399 726 AEneau
407 678 502 735 abeunt,
513 680 615 725 caruisse
624 676 734 743 gemndls

205 761 312 820 Dicitu13
323 772 348 807 et
357 758 448 806 nullum
459 774 529 804 nosse
538 760 622 825 supina
632 761 716 807 virum.

389 840 412 885 Χ
428 840 450 884 Χ
465 840 487 884 Χ
503 841 552 887 11.

162 920 204 967 Da
215 918 283 967 milui
290 920 415 984 angelum
424 953 431 977 ,
440 931 468 965 et
475 935 521 982 ego
531 919 601 966 dabo
611 919 661 965 eibi
668 921 797 982 spirltum.

147 1001 244 1065 Spiritus
253 1000 307 1048 huic
316 1013 410 1047 sauctus
417 1001 574 1062 promittitur,
584 999 679 1065 angelus
688 999 723 1047 illi

203 1080 326 1141 ufichueh
338 1078 377 1126 hic
386 1096 471 1125 munus
484 1078 568 1141 polluit
578 1113 585 1138 ,
594 1079 635 1126 ille
643 1094 737 1127 manus.

378 1158 401 1204 X
416 1160 438 1204 X
452 1159 475 1203 X
490 1160 529 1204 11
545 1159 566 1204 Ι.

310 1237 359 1286 Ad
370 1238 509 1302 quemdam
520 1237 634 1284 diuitem.

146 1318 248 1385 Magnus
254 1332 322 1365 amor
332 1330 385 1366 tuus
395 1331 447 1376 est,
459 1320 480 1366 si
487 1318 591 1365 multum
600 1317 647 1365 hoc
657 1328 765 1381 tempore
775 1317 861 1382 doum

204 1400 230 1447 Si
239 1396 343 1445 multum
352 1397 431 1446 credas
437 1432 451 1455 ,⁸
458 1411 493 1446 est
506 1411 547 1446 tua
556 1414 641 1463 magua
650 1397 716 1448 fides.

384 1480 407 1525 Χ
422 1481 445 1525 Χ
459 1481 481 1525 Χ
496 1482 509 1525 Ι
526 1480 558 1529 Χ.

158 1558 205 1605 Ad
212 1558 325 1605 duarum
336 1573 452 1606 sororum
461 1561 679 1622 parcissimarum
689 1576 796 1608 seruum.

142 1637 203 1686 Tres
214 1640 294 1686 Parcae
307 1649 357 1685 toto
365 1637 511 1686 celebrantur
520 1642 543 1685 in
553 1638 611 1687 orbe
622 1656 731 1702 sorores,

203 1720 321 1781 Expertus
330 1734 412 1783 parcas
423 1735 448 1766 es
459 1721 530 1765 miser
538 1721 589 1783 ipse
598 1719 663 1768 duas.

397 1801 421 1845 Χ
435 1800 458 1845 Χ
473 1801 496 1846 Χ
511 1802 541 1850 Χ.

396 1879 545 1928 Pedlculus.

140 1957 180 2006 Tu
190 1972 273 2005 morsu
281 1973 321 2004 me
330 1955 397 2004 laedis
408 1991 415 2018 ,
427 1950 518 2024 egoque
526 1959 568 2006 tibi
578 1959 654 2009 infero
664 1972 766 2009 mortem
776 1976 783 2010 t

203 2039 245 2085 Est
255 2049 295 2086 tua
302 2037 371 2101 culpa
378 2037 449 2098 levis,
460 2056 507 2085 non
516 2056 591 2104 nugo,
602 2043 763 2106 poenagravis.

381 2119 404 2164 Χ
418 2121 441 2165 Χ
457 2121 479 2165 Χ
495 2122 515 2170 V
531 2124 553 2170 Ι.

339 2198 381 2246 De
392 2201 462 2247 malo
474 2201 503 2245 in
512 2203 595 2263 pejus.

138 2275 240 2323 Incidit
246 2277 275 2322 in
285 2277 400 2340 Scyllam
411 2281 517 2342 cupiens
526 2282 614 2327 vitare
624 2279 796 2342 Charybdim,

200 2356 248 2416 Qui
261 2354 372 2403 morbum
382 2357 473 2421 fugiens
482 2360 563 2407 inc‘idit
572 2362 598 2406 in
608 2360 732 2407 medicum.

135 2436 220 2485 Stulti
227 2437 290 2484 dum
300 2440 389 2486 vitane
399 2444 479 2499 vitia,
490 2444 519 2487 in
528 2445 662 2488 contraria
674 2455 797 2508 currunt,

199 2516 248 2582 Qui
255 2515 321 2565 llum
329 2516 435 2584 fugiunt,
443 2519 631 2588 causidicumque
639 2534 733 2588 petunt.
