2209 3575
233 322 523 361 luminant.
551 323 620 357 zu.
646 324 712 359 vu·
744 320 791 370 219

437 408 569 454 XXII.

168 486 211 537 'At
215 490 341 537 Iacobum
354 489 507 544 Fallerton,
518 491 649 551 equitem,
665 499 790 536 reatorem

255 569 402 630 juventutis
412 570 501 613 Caroli
508 567 689 614 Eboracenst's.

153 642 278 696 Fallertone
288 660 335 696 tuae
347 648 417 695 decus
427 664 442 694 0
452 646 588 694 doctissime
597 647 690 711 gentis,

206 730 277 775 Estin
289 727 359 775 tutela
369 728 430 790 regis
440 729 519 790 imago
531 740 569 774 tua
581 746 587 775 a

148 805 207 867 Quae
218 808 263 855 sibi
272 808 412 856 dissimilem
421 824 451 853 ne
462 821 539 854 sumat
547 809 626 872 imago
635 807 733 871 figuram
742 837 749 866 ,

206 888 340 937 Fullertons
351 922 358 949 ‚
373 901 439 935 tuum
448 899 484 934 est
493 889 539 935 hoc
548 904 622 950 onus,
632 888 672 935 hic
681 886 758 934 honor
768 895 811 934 est.

397 970 420 1013 X
437 968 549 1014 XIII.

340 1050 489 1106 Sanctitas,
502 1050 611 1096 sanitas.

145 1122 223 1173 Nemo
232 1125 286 1185 diu,
297 1124 359 1174 bene
368 1129 466 1191 quisque
477 1140 571 1191 potest,
583 1138 608 1173 at
618 1124 668 1172 vuit
677 1124 737 1173 bone
747 1139 819 1174 namo

204 1207 291 1256 Vivere
304 1223 312 1253 ι
326 1208 392 1255 visne
402 1206 442 1253 diu
453 1208 547 1255 vivere?
558 1208 609 1258 vite
620 1205 688 1255 bene.

407 1288 430 1331 X
446 1289 495 1333 XI
512 1288 539 1337 V.

372 1369 437 1413 Oves
449 1378 475 1414 et
487 1384 580 1431 capnt.

144 1445 278 1493 Ascendunt
287 1462 358 1511 rupes
367 1460 391 1493 et
401 1450 564 1509 promontoria
575 1463 652 1511 caprae

220 1528 333 1574 Gramine
344 1525 433 1573 collino
447 1526 504 1573 dum
518 1539 653 1574 saturantur
664 1541 720 1574 oves
731 1542 739 1586 3

143 1604 184 1653 Sic
192 1621 254 1652 nunc
263 1618 299 1653 est
308 1624 315 1653 ε
327 1605 385 1653 olim
394 1622 442 1653 non
452 1608 484 1653 sic
495 1607 551 1665 erit,
563 1605 591 1653 ad
601 1606 652 1652 loca
662 1605 758 1668 quaudo

205 1688 303 1733 Summa
312 1683 416 1733 ferentur
427 1700 497 1742 oves,
507 1678 714 1749 inte1·i0racap'rae.

425 1765 448 1811 X
461 1765 484 1810 X
496 1764 523 1814 V.

428 1847 516 1892 Navis.
543 1883 547 1891 .

148 1923 230 1988 Puppis
239 1921 324 1980 cauda,
336 1921 461 1986 atrinaque
471 1935 565 1981 venter,
575 1936 692 1987 proraque
700 1930 817 1983 rosttum,

205 2003 310 2068 Velaqus
319 2015 373 2050 sunt
382 2003 439 2060 alae,
454 2014 549 2066 totaque
558 2004 624 2050 navis
636 2001 695 2050 avis.
878 1993 880 1996 ’

403 2084 425 2128 X
442 2084 464 2128 X
480 2083 503 2132 V
518 2087 538 2130 1.

199 2163 246 2211 Ad
258 2162 385 2210 Thomam
394 2164 561 2221 Montanium,
577 2163 668 2209 Caroli
679 2160 752 2208 denis
787 2161 793 2166 ’

377 2245 564 2302 institutorem.

151 2319 172 2366 si
180 2317 309 2383 jacobinum
321 2321 355 2368 its
365 2320 441 2368 dicero
450 2323 510 2385 regis
520 2323 640 2379 amicum,

206 2401 234 2444 In
242 2398 356 2462 jacobinis
366 2416 405 2446 me
413 2399 542 2460 profitebor
551 2415 603 2464 ego.
621 2398 628 2413 ⁸

152 2475 175 2522 si
183 2477 251 2525 Scoto
262 2479 404 2544 quicumque
414 2478 476 2526 favet
486 2481 582 2525 scotista
592 2489 705 2540 vocatur,

204 2560 260 2607 Sum
267 2558 377 2620 scotista,
387 2574 430 2608 nec
440 2558 487 2608 hoc
496 2557 617 2608 inficiabor
626 2574 679 2624 ego.
