2209 3575
240 430 286 491 196
365 436 541 474 totatuta
576 415 760 470 aunontu

536 525 548 569 1
564 522 591 569 V.

312 585 346 651 in
355 604 513 668 decrepitum
523 604 608 649 tertia
616 602 705 647 uxoris
715 600 812 645 virum.

235 686 314 735 trima
324 683 366 731 tibi
375 683 478 739 ctotho,
493 682 602 728 Lachesis
615 680 658 727 fuit
668 680 739 728 altera
748 680 848 742 conjux,

298 766 399 827 Atropos
407 774 443 810 est
451 763 506 812 vitae
519 761 586 809 tertia
596 773 669 825 nupta
681 770 734 806 tuae.

547 842 578 890 V.

516 923 609 970 Amor.

233 1004 441 1062 libertatatem,
454 1019 501 1067 pax
509 1020 600 1068 pugna,
613 1000 713 1050 dolenda
722 1000 845 1064 voluptas,

293 1088 351 1151 Spes
359 1097 467 1133 metuens
475 1117 483 1143 ,
492 1084 539 1131 mel
548 1082 593 1141 fei,
605 1083 663 1130 seria
672 1080 741 1129 ludus
749 1115 757 1140 ,
773 1096 850 1128 amor.

532 1165 556 1213 V
573 1165 594 1212 I.

515 1246 611 1290 Minos.

233 1318 282 1379 Qui
291 1336 334 1384 pro
343 1321 434 1382 justitia
442 1323 519 1385 poscit
528 1320 573 1368 sibi
583 1337 680 1368 munera
687 1321 769 1367 Minos
777 1352 786 1379 ,

294 1402 337 1447 Eut
345 1400 428 1449 similis
438 1403 510 1465 piaci3
520 1402 614 1466 quando
624 1403 697 1465 capit,
708 1402 808 1465 capitur.

518 1485 542 1531 V
558 1485 570 1529 1
585 1484 604 1530 L

416 1586 420 1593 ·
470 1560 649 1610 Dubitaneius.

231 1640 344 1703 Suspicor
356 1639 506 1700 alterutrum,
520 1640 569 1688 scio
582 1652 705 1698 neutrum,
715 1650 842 1703 utrumque
853 1654 909 1701 para

293 1718 409 1780 Credere3
419 1717 519 1768 Phoebus
532 1720 590 1778 erit,
603 1720 643 1783 qui
655 1717 713 1764 mihi
722 1717 784 1765 dicet
792 1729 886 1765 utrum.

500 1802 523 1851 V
538 1803 550 1847 I
566 1803 578 1847 I
594 1803 615 1846 1.

240 1878 289 1925 Ad
297 1880 431 1927 Adamum
437 1884 547 1929 Newton
557 1914 563 1940 ,
572 1881 698 1944 principis
706 1882 884 1926 secretarium.

228 1959 311 2005 Mores
320 1971 395 2006 mutat
406 1959 482 2007 honos
492 1960 617 2006 hominum
626 1959 765 2023 plerumque
775 1960 879 2022 priores;

292 2040 369 2087 Moris
377 2039 402 2086 id
412 2053 448 2087 est
458 2057 521 2099 ,non
531 2053 567 2088 est
575 2057 628 2086 mos
639 2052 718 2087 tamen
726 2038 765 2085 ille
775 2050 828 2086 tuus
841 2055 848 2086 ι

230 2119 339 2167 Mutatus
349 2136 397 2166 non
408 2122 518 2179 mutaris,
529 2119 637 2166 mirabile
643 2137 650 2179 ς
664 2119 756 2169 tradunt

292 2201 322 2246 So
331 2197 431 2246 fortunae
442 2199 493 2258 alii,
505 2199 603 2246 traditur
611 2198 651 2246 ilia
660 2197 709 2249 tibi.

526 2282 539 2326 1
556 2280 586 2326 X.

235 2358 281 2406 Ad
291 2358 415 2406 Thomam
424 2361 585 2424 Pucltering,
598 2360 710 2423 equitem
721 2371 748 2407 et
756 2360 909 2408 baronettun

228 2437 301 2495 Cure,
313 2450 389 2496 tuum,
409 2439 516 2497 Thema,
524 2440 547 2485 ai
556 2438 591 2485 fat
604 2450 651 2486 tam
660 2441 737 2503 prisca
747 2438 847 2498 referre,

290 2518 414 2580 Ingenium
422 2517 486 2564 colui
495 2517 574 2563 nobile
584 2518 673 2580 primus
684 2534 736 2582 ego.

226 2595 317 2644 Ductor
328 2612 385 2660 ego,
399 2599 553 2662 Pucueringe,
567 2596 600 2643 fui
610 2608 662 2644 tuus
670 2630 677 2656 ,
686 2599 788 2661 optime,
801 2599 905 2662 primun

289 2676 346 2724 Nou
355 2691 408 2724 sum
416 2675 581 2742 quodfueram
587 2707 597 2738 ,
606 2692 659 2728 eum
671 2689 749 2726 tamen
758 2693 833 2745 usque
844 2691 905 2728 tuut.
