2209 3575
236 381 285 429 αδδ
378 390 552 428 sosms
576 390 752 428 suuossu

521 480 535 525 1
549 478 563 523 1
578 479 600 524 1.

375 559 579 605 Iurisconsultus
590 569 617 605 et
627 557 751 605 medicus.

235 635 279 685 Ille
288 634 353 684 vafer
359 638 404 684 nisi
414 638 461 695 sit,
473 638 519 684 nisi
528 639 558 684 sit
568 638 701 685 temerarius
711 636 782 698 alter,

297 721 327 765 Se
338 718 470 766 mendicato
481 730 562 783 pascat
572 730 669 783 uterque
680 717 743 766 cibo.

529 799 543 843 I
559 800 592 846 V.

433 879 513 924 Scala
529 879 687 924 aulicorum.

234 957 313 1006 Nemo
322 955 408 1023 gradus
416 957 461 1004 nisi
470 972 512 1019 per
522 955 599 1019 plures
609 954 713 1003 ascendit
722 955 748 1002 in
757 955 810 1003 aula
819 971 827 1005 z

295 1037 332 1085 Ad
342 1035 529 1086 descendendum
537 1035 590 1100 plus
602 1037 658 1083 satis
667 1051 728 1085 unus
738 1038 792 1086 erit.

248 1199 297 1247 Ad
303 1197 456 1245 Edoardum
465 1198 544 1256 Noel‚
556 1199 669 1262 equitem
678 1208 707 1244 et
714 1198 884 1245 baronettum.

233 1279 295 1326 Haec
306 1278 361 1333 sibi,
372 1280 491 1325 Maeoenus
499 1278 618 1342 ‚quamvis
627 1279 796 1342 epigrammata
803 1276 909 1337 scribam,

296 1359 386 1420 Scripta
395 1357 474 1421 legent
484 1357 537 1416 alii,
550 1359 597 1405 sint
605 1356 677 1405 modo
687 1356 756 1421 digna
764 1357 821 1422 legi.

233 1437 296 1505 Quid
306 1439 357 1502 plus
370 1453 426 1503 ergo
435 1438 494 1484 mihi
505 1438 574 1487 debet
582 1438 670 1486 lectore
679 1450 791 1502 patronus
800 1439 812 1487 ἲ

295 1520 333 1566 Tu
342 1533 436 1567 mecum
444 1518 518 1565 lectus
528 1534 576 1565 nou
585 1517 658 1567 modo
666 1518 739 1567 lector
749 1519 803 1566 eris.

521 1600 551 1650 'V
564 1602 584 1647 1.

448 1680 480 1725 In
493 1681 671 1727 Tomoss'num.

231 1758 378 1825 Scripserunt
388 1758 447 1806 asini
455 1757 533 1807 laudes
544 1758 590 1807 hoc
600 1771 706 1823 tempore
716 1758 802 1821 multi,

293 1840 404 1904 Legimus
417 1852 441 1887 et
449 1839 543 1898 laudes,
558 1842 726 1902 oTomasino‚
738 1854 798 1891 tuas.

516 1922 539 1971 V
551 1922 565 1966 1
577 1923 598 1970 1.

458 2001 508 2048 Ad
523 2004 649 2052 aulicum.

229 2078 348 2129 Audacem
357 2078 451 2127 fortuna
460 2082 536 2128 omnis
544 2117 552 2141 ‚
564 2083 629 2130 cibus
639 2083 715 2132 omnis
724 2083 835 2143 edacem,

292 2159 408 2224 AdJuvat3
420 2174 472 2208 esse
482 2160 569 2226 aliquid
580 2164 599 2208 si
610 2164 689 2226 cupis,
700 2162 760 2212 aude
768 2161 849 2212 stede.

500 2244 522 2291 V
538 2244 577 2289 11
593 2245 615 2292 I.

309 2321 424 2368 Honoris
432 2331 459 2368 et
466 2321 617 2369 divitiorum
628 2326 795 2386 comparatio.

227 2399 307 2448 Donat
315 2414 371 2461 opes
383 2399 472 2446 homini
481 2402 559 2458 Deus,
569 2412 593 2449 et
600 2401 644 2448 sibi
655 2405 732 2465 poscit
740 2403 866 2468 honorem

289 2480 352 2544 hgo
362 2477 447 2531 divitiis
456 2479 617 2532 anteferendus
627 2481 715 2532 honor.
