2209 3575
287 424 334 478 ²4⁰
428 425 594 464 tonnus
625 425 804 466 Annonn

581 514 605 561 X
618 513 648 564 V.

489 596 531 644 De
549 607 608 643 arte
622 593 740 642 amandi.
774 598 776 604 '

273 703 275 708 ·
288 673 371 728 Judioe
378 692 430 738 me,
440 675 503 724 rudis
512 686 562 733 est,
573 685 648 723 artem
656 675 698 739 qui
707 671 778 722 tradit
785 667 881 722 nutandi
889 691 898 723 s

351 759 450 807 Natura
458 772 544 822 scopus
553 768 602 814 est,
612 770 661 802 non
671 769 731 819 opus
741 754 809 816 artis,
822 768 900 807 atuor,¹

569 836 593 882 X
605 837 629 886 V
644 836 666 882 1.

477 918 511 965 In
520 916 630 981 judices
641 916 758 965 venales.

290 997 405 1065 Fungitur
412 996 492 1047 officio
500 1013 567 1045 rarus
577 999 626 1045 sine
636 1012 733 1044 munere
741 994 832 1059 jutlext

354 1079 416 1132 Cur.
426 1079 472 1127 uisi
481 1076 545 1144 quod
555 1088 662 1124 sanctum
671 1091 768 1123 munere
777 1090 863 1124 munus
872 1073 946 1125 emit!

556 1159 579 1204 X
595 1158 619 1207 V
635 1158 684 1203 11.

519 1238 554 1285 In
564 1236 724 1300 Phyllidem.

292 1316 398 1367 solarem
407 1315 526 1365 muliebris
535 1333 602 1365 amor
610 1332 660 1364 non
669 1315 738 1363 durat
747 1315 772 1363 in
784 1331 874 1365 annum

356 1395 469 1462 Phyllidis
479 1413 486 1442 z
495 1397 628 1445 instabilem
639 1394 745 1461 Phyllida
755 1398 811 1444 luna
819 1398 887 1461 regit.

293 1478 420 1526 Menstrua
428 1488 507 1524 mente
517 1477 579 1525 solet
587 1478 688 1544 Phyllis,
699 1492 748 1524 non
757 1492 859 1542 corporo
869 1487 967 1538 tantum,

356 1558 446 1621 Quouis
454 1572 535 1606 meuse
543 1560 608 1622 μείς
620 1570 754 1606 menstruus
765 1556 835 1623 hujus
843 1571 918 1606 umor.

547 1640 699 1690 xv111.
902 1626 933 1634 “’

461 1720 495 1768 In
506 1722 626 1778 Paetum,
640 1720 782 1785 problema.

296 1801 354 1850 Non
365 1809 431 1864 putet
440 1817 481 1860 es,
492 1817 553 1860 uon,
567 1804 646 1860 Paete,
656 1816 736 1858 socer,
746 1815 795 1846 non
808 1799 904 1848 vitricus
912 1798 985 1846 hotun

359 1882 427 1943 Quos
437 1891 477 1928 tua
485 1892 558 1945 nupta
568 1881 610 1928 tibi
620 1892 657 1928 tot
667 1879 719 1927 tulit
729 1898 736 1928 ε
746 1895 804 1946 ergo
816 1879 890 1946 ,quid
898 1879 940 1927 esi

574 1963 597 2008 X
613 1964 626 2009 1
641 1960 670 2008 X

505 2040 541 2087 In
556 2041 748 2089 Pontiliannm.

297 2120 406 2187 Nupsisti
415 2119 540 2170 undecimo
551 2137 605 2179 cur,
618 2121 749 2169 Pontiliuna
759 2154 767 2180 ,
778 2118 924 2168 decembris!

359 2202 431 2250 Nulla
439 2202 515 2268 magis
524 2219 574 2250 nox
582 2215 620 2250 est
630 2202 714 2269 longa,
726 2201 824 2268 diesque
833 2200 920 2252 brevis.

504 2315 507 2319 .
590 2283 613 2328 Χ
628 2283 659 2329 Χ.

401 2361 451 2408 Ad
459 2363 632 2421 Frontonem,
639 2361 871 2423 jurisconsultum.
956 2384 961 2397 ·

299 2440 378 2490 Multa
386 2454 474 2490 statuta
482 2454 541 2490 noto
550 2442 667 2508 poenalia,
679 2445 782 2502 Fronto,
794 2442 892 2502 vocari,

361 2524 435 2584 Queis
445 2523 540 2570 titulum
549 2523 655 2579 dederint
666 2525 778 2587 praemia,
789 2522 853 2570 nulla
860 2522 920 2587 lego.

300 2600 395 2650 Publica
403 2617 440 2648 res
450 2602 508 2649 olim
518 2602 598 2651 fulcris
606 2604 685 2651 innixa
694 2602 787 2651 duobus
798 2619 806 2649 s

361 2680 467 2748 Abrogtt
475 2682 528 2734 haec
538 2697 597 2734 aetas
605 2686 715 2751 praemia,
729 2699 801 2750 poena
809 2693 897 2732 manet.
