2209 3575
201 420 248 466 sao
333 422 508 460 totum
538 405 715 461 t‘unouut

450 510 474 556 X
488 511 537 556 LI
553 514 567 557 1
584 514 605 557 I.

219 592 329 637 Dictum
340 590 460 648 Ηοηνίσί,
473 594 576 638 comitis
588 590 822 655 Northamptom‘oe.

431 672 484 717 Uni
491 683 519 719 et
527 675 641 718 univoce.

115 764 117 766 ’
196 751 303 801 Uuivoee
315 751 420 798 Britones
434 752 521 799 servire
532 750 660 809 docemur,
671 764 696 800 et
711 752 752 801 uui

257 828 361 889 Jacobo,
377 832 474 895 quinos
490 833 554 878 uniet
567 831 674 882 univoce.

457 911 481 956 X
496 912 515 956 L
532 914 544 957 1
560 912 590 961 V.

333 992 369 1038 Iu
381 994 508 1057 Quintum
518 994 714 1041 somniatorem.

194 1071 279 1121 Audivi
295 1082 318 1120 te
326 1087 390 1136 saepe
401 1085 539 1137 querentem
548 1084 572 1119 et
583 1089 653 1121 mane
663 1073 803 1133 dolentem,

256 1154 360 1214 Quinte,
372 1152 437 1216 quod
448 1152 473 1197 in
484 1167 570 1200 somno
580 1152 613 1199 nil
624 1154 656 1199 ita
665 1154 739 1199 cernis
751 1165 777 1200 ut
785 1163 830 1200 est.

178 1256 181 1258 “
194 1234 257 1297 Quid
266 1234 368 1291 mirum,
380 1234 421 1297 qui
430 1230 482 1279 sola
490 1232 530 1279 diu
540 1232 661 1280 mendacia
669 1234 741 1291 dicis,

254 1315 282 1362 Si
292 1308 415 1377 uunquam
423 1324 495 1361 noctu
504 1314 597 1360 somnia
610 1330 665 1363 vera
674 1312 738 1363 vides
747 1315 758 1362 l

470 1393 494 1438 X
509 1395 528 1439 L
543 1395 575 1442 V.

217 1472 265 1522 Ad
274 1472 415 1520 Robertum
426 1474 535 1532 Carum,
548 1476 605 1538 regi
612 1491 628 1521 a
639 1476 767 1531 consiliis,
778 1486 827 1521 ete.

192 1551 260 1600 Plebs
270 1553 324 1600 huic
335 1568 389 1600 rato
400 1552 475 1612 lavet,
488 1570 560 1618 quem
569 1571 650 1601 carum
657 1571 699 1601 rex
709 1553 781 1602 habet
792 1553 844 1603 :illi

254 1635 318 1680 Raro
329 1632 407 1680 lavent
416 1649 498 1697 reges,
508 1650 579 1699 quem
588 1634 641 1683 leve
650 1634 734 1699 vulgus
744 1648 818 1682 amat.

192 1710 270 1759 Ardua
280 1728 317 1760 res
326 1746 333 1771 ,
342 1728 422 1759 carum
431 1729 483 1760 esse
492 1713 563 1760 simul
572 1716 668 1778 regique
680 1714 793 1778 gregique
804 1731 811 1759 ς

254 1795 290 1841 Te
299 1793 362 1844 vehit
373 1811 430 1842 euru
438 1793 524 1859 duplex
533 1812 541 1855 ς
551 1811 593 1842 rex
604 1829 611 1856 ,
624 1795 751 1860 populique
765 1793 840 1844 favor.

456 1876 512 1922 XL
529 1877 555 1932 ll
570 1878 589 1923 1.

332 1955 365 2000 In
379 1956 519 2018 quemdum
529 1955 701 2020 hypocritam.

190 2035 295 2094 Nescit,
304 2035 354 2094 ais,
367 2051 425 2081 mea
439 2035 505 2081 laeva
515 2051 609 2083 manus
617 2036 685 2100 quid
693 2034 801 2082 dextera
810 2033 896 2083 donet.

206 2176 208 2179 .
251 2115 346 2179 ered03
356 2115 420 2182 quod
429 2118 528 2164 omuino
538 2117 578 2164 dat
589 2130 628 2165 tua
641 2117 724 2165 dextra
731 2115 799 2165 nihil.

437 2198 494 2243 XL
511 2199 596 2247 v11.
638 2196 640 2200 ’

344 2280 416 2325 Justi
424 2280 509 2342 Lipsii
516 2279 618 2337 obitus,
631 2279 699 2325 1606.

189 2356 273 2406 Secula
281 2370 336 2422 post
346 2376 387 2406 sex
396 2372 466 2424 atque
475 2359 569 2420 decem,
582 2376 669 2424 sexque
681 2360 777 2422 insuper
788 2370 881 2419 annot,

252 2439 361 2486 clausisti
373 2443 495 2498 criticum,
505 2444 571 2489 Juste
580 2440 694 2499 dolende,
708 2439 779 2486 diem.

188 2517 302 2572 Ylderunt
311 2518 357 2564 hoc
370 2518 447 2565 lucem
459 2537 521 2567 anno
530 2536 585 2567 mea
595 2521 699 2566 carmina
709 2535 756 2583 quo
769 2529 794 2566 tu

250 2599 361 2646 Mortuus
371 2612 397 2646 es
403 2631 411 2657 ,
423 2600 504 2663 Lipsi5
514 2616 563 2648 uox
574 2612 613 2648 tua
622 2633 630 2661 ‚
644 2612 726 2648 nostra
735 2599 793 2646 dies.

743 2759 873 2814 XLVII
