2209 3575
233 384 281 433 ’θα
374 393 556 431 eornm
584 394 770 434 ionem

503 482 527 527 X
542 482 564 526 X
582 483 615 531 V.

328 624 331 629 .
475 561 643 625 Metapltoro.

228 644 328 694 Naturae
339 641 442 706 linguam
451 654 563 705 corrupte
573 642 671 689 scientie
681 643 777 702 nescit,

291 726 388 771 Naturae
398 738 470 771 voces
480 722 555 770 lexica
566 722 630 770 nulla
640 733 753 789 notant:

229 804 302 851 Senta
311 801 412 867 figurato
423 802 511 865 promit
523 816 634 849 sermone
645 794 758 862 colonus,

257 880 261 888 ⁴
292 883 370 931 Gestit
380 895 403 930 et
414 881 505 929 urbano
513 884 616 929 rusticus
626 897 668 930 ore
677 882 752 947 loqui.

228 957 285 1015 Vita
297 978 391 1028 quoque
400 973 497 1010 ornatur
506 962 590 1021 variis,
600 972 627 1008 ut
636 960 730 1027 lingua,
741 959 836 1026 figurie;

292 1046 357 1093 Toto
367 1041 465 1107 figurata
473 1052 526 1100 est;
537 1042 640 1089 vivimus
651 1052 677 1088 ut
687 1039 817 1105 loquimur.

493 1122 516 1169 X
528 1123 552 1168 X
564 1122 587 1172 V
600 1123 621 1169 1.

275 1203 393 1252 Christus
408 1202 562 1266 theologus,
577 1201 709 1263 medicus,
727 1212 755 1249 et
763 1200 848 1263 juris·

482 1284 623 1330 consultus.

232 1363 361 1428 Theiologi
369 1360 501 1425 medicique
509 1363 535 1408 in
545 1362 612 1409 terrie
621 1376 719 1409 munere
729 1359 839 1422 functus,

294 1446 325 1490 ln
333 1440 395 1489 coelo
403 1454 500 1505 peraget
507 1440 591 1504 judicis
602 1441 715 1490 officium.
853 1436 855 1446 '

482 1523 506 1569 X
521 1523 543 1567 X
558 1523 580 1573 V
592 1526 605 1569 1
620 1526 642 1570 1.

302 1602 346 1651 De
357 1600 423 1665 jure
440 1604 563 1667 anglico,
582 1603 701 1660 walliae,
719 1601 828 1667 gallico.

231 1684 366 1731 Di·rectum
376 1685 411 1741 (t)
421 1681 517 1740 Gallus,
529 1686 564 1741 (2)
573 1695 713 1730 cor-rectum
721 1681 830 1743 wallus,
840 1680 878 1733 eti

295 1762 399 1812 Nomine
407 1762 444 1825 jue
455 1764 491 1822 (3)
500 1773 592 1810 rectum
601 1762 744 1828 simpliciore
753 1775 830 1814 vocat.

232 1843 319 1908 Dirigit
329 1854 433 1890 errantes
442 1841 480 1889 lex
488 1841 579 1903 lucide,
591 1845 686 1909 corrigit
696 1859 780 1892 omnes

296 1926 393 1970 Errores
402 1937 410 1970 ε
422 1922 480 1984 juris
489 1920 571 1986 regula
580 1934 664 1972 cuneta
672 1924 740 1988 regit.

258 2008 291 2058 (r)
306 2003 372 2047 Droit.
387 2005 416 2055 (α)
434 2001 544 2058 (lys-raith.
562 2002 592 2055 (3)
610 2004 678 2058 ssight.

471 2083 495 2130 Χ
510 2083 533 2130 Χ
547 2083 570 2133 V
585 2085 599 2131 Ι
613 2085 627 2131 1
642 2086 662 2130 1.

436 2164 527 2210 Castor
541 2175 569 2210 et
585 2165 691 2210 Pollux.

235 2243 371 2294 Concordes
380 2243 428 2293 duo
438 2245 526 2292 suntin
535 2242 597 2293 coelo
606 2242 682 2295 sidera
692 2242 776 2292 fratres
781 2280 791 2304 ‚

298 2329 328 2374 In
338 2336 399 2374 terra
409 2325 531 2373 unanimes
542 2326 583 2372 vix
594 2339 647 2371 reor
658 2340 709 2372 esre
718 2324 787 2374 duos.

498 2405 521 2450 X
536 2405 559 2451 X
577 2406 592 2451 1
610 2405 639 2451 X.

359 2485 438 2547 Quod
446 2485 572 2550 differem
581 2501 633 2533 non
643 2485 771 2548 aufhrtur.

238 2563 325 2620 Diifert
333 2579 382 2610 non
391 2565 467 2612 aufert
476 2579 580 2614 mortem
589 2566 727 2630 longissime
737 2568 785 2618 vita
797 2586 805 2618 e

297 2642 362 2713 Quid
370 2641 450 2698 differt
459 2645 530 2714 igitur
539 2661 591 2701 crae
601 2645 700 2703 hodiere,
711 2649 772 2699 mori
781 2646 796 2701 i
