2209 3575
192 412 242 465 306
342 418 734 459 sounutttnoontt

434 506 609 556 XXXVI.

380 588 482 635 Cedant
495 603 571 633 armo
587 597 661 649 cogat.

194 670 309 716 Romanae
320 683 417 715 romana
428 678 490 732 togae
500 682 546 713 non
557 664 661 730 praetulit
671 679 737 711 amm

257 751 345 796 Doctus
354 764 425 813 eques
434 780 441 806 ,
451 763 499 812 quo
507 763 556 806 non
565 746 656 793 doctior
665 745 725 794 alter
733 759 818 810 eques,

194 829 258 892 Quid
268 828 313 877 sibi
321 828 403 876 doctor
411 844 483 893 eques
493 827 549 875 volit
558 827 621 874 hond
629 826 736 891 intelligo
744 860 751 887 ‚
760 838 843 882 curve,

257 910 319 957 Cum
330 906 390 956 ferat
402 909 560 973 ipso-togam,
577 906 684 971 praelerat
699 922 766 953 anna
785 916 853 969 togo-

194 988 267 1053 Quod
281 987 325 1036 fuit
337 990 363 1035 in
379 988 465 1035 nostrin
481 988 555 1035 oculis
572 984 697 1046 mirabile,
712 1001 790 1049 nuper

258 1069 386 1118 Adomino
396 1067 484 1116 fuctum
494 1081 530 1116 ost
540 1066 617 1126 istud,
627 1082 656 1115 au
668 1083 682 1115 a
693 1066 807 1116 domlual

422 1150 632 1217 XXXVIL

443 1233 591 1277 Britannia.

196 1311 306 1373 Quttuor
318 1313 344 1359 in
356 1324 434 1376 purten
448 1310 521 1359 divisa
535 1310 667 1368 Britannia,
682 1324 784 1373 quornm

258 1390 340 1455 Anglia
348 1407 403 1454 paro
411 1392 502 1454 major,
513 1389 707 1455 Comubinmqno
717 1390 815 1436 minor:

196 1472 260 1532 Quae
270 1469 346 1517 fuerat
355 1472 476 1518 Britonum
489 1463 555 1535 regni
567 1484 621 1533 part
629 1468 712 1535 Augila
725 1467 847 1534 qnondam

239 1536 243 1544 .
260 1551 380 1610 Maxima,
390 1566 453 1596 nuno
464 1552 570 1597 minimae
579 1564 667 1597 nomen
675 1548 764 1597 habero
772 1557 859 1612 potest.

409 1632 432 1677 X
447 1631 469 1676 X
484 1630 507 1676 X
521 1631 544 1679 V
561 1633 599 1677 11
616 1632 637 1677 l.

274 1710 389 1773 Adficti
396 1713 478 1757 amici
487 1712 627 1773 epistolam
638 1712 779 1773 responsio.

197 1789 311 1839 Promisit
318 1789 430 1855 quiddam
441 1805 480 1838 tua
489 1807 564 1855 nuper
572 1790 671 1855 epistola
681 1806 796 1855 maguum
802 1823 811 1851 ,

263 1872 375 1917 Promissi
385 1873 442 1918 tanti
453 1871 563 1934 praestitit
573 1869 613 1918 illa
622 1869 688 1917 nihil.

199 1948 281 2002 Verba
290 1951 350 1997 mihi
358 1951 438 1999 charta
446 1949 510 2000 bona
518 1949 653 1999 candidiora
663 1949 761 2011 dedisti;

263 2032 333 2078 Facta
344 2022 474 2079 atramento
483 2043 538 2079 cunt
549 2032 664 2096 nigriora:
673 2030 737 2081 vale.

438 2114 461 2159 X
476 2115 498 2159 X
513 2113 536 2159 Χ
552 2116 565 2160 I
582 2114 612 2159 X.

391 2193 549 2240 Encomium
568 2196 665 2240 morin.

201 2270 308 2327 Uxorem
318 2273 359 2336 qui
367 2273 403 2319 vir
413 2273 507 2332 laudat,
519 2273 561 2338 qui
568 2271 648 2322 laudat
657 2273 757 2320 amicam
768 2306 776 2332 ,

264 2352 313 2415 Qui
321 2351 441 2400 dominam
449 2386 457 2414 ,
466 2351 547 2401 laudat
556 2351 612 2417 quid
624 2352 669 2422 nisi
678 2351 821 2400 stultitiam?

497 2434 521 2478 X
535 2435 563 2480 L.

419 2514 454 2560 In
469 2513 640 2578 Polydorum.
680 2495 683 2502 Ι

203 2589 306 2640 Nomine
316 2603 408 2640 mutato
418 2606 489 2642 terrac
498 2609 659 2660 quotcumque
667 2594 764 2659 petisti,

266 2672 352 2723 Vittsti
359 2673 430 2722 lamec
440 2675 528 2740 spicula
536 2675 601 2725 mille
609 2675 688 2726 malae.
