2209 3575
90 3052 303 3220 ἢ

345 438 394 493 ¹⁷8
490 446 661 483 sonum
683 447 857 484 tunsum

347 516 463 580 Principis
477 515 529 563 haec
541 518 617 563 nostri
632 528 668 564 est
686 518 759 563 virtus
774 518 886 581 insignis3
908 530 993 567 amoro

409 596 525 659 Dignatur
541 594 637 662 dignos,
653 608 676 643 to
692 596 826 661 similesque
839 598 886 646 tuis

594 678 618 722 X
633 678 655 723 X
669 679 691 725 X
706 679 717 723 1
733 677 765 726 V..

441 758 566 813 Possum,
582 761 657 816 volo,
681 761 755 817 nolo,·
776 760 913 806 anomala.

351 835 423 899 Quotl
440 836 494 883 volo
508 853 557 882 non
569 853 680 899 possum,
692 837 755 901 quod
767 854 863 901 possum
875 838 931 885 nolo
941 840 1020 887 vicissi

411 917 474 963 Tota
483 914 587 967 hominis
599 917 648 963 vita
657 930 692 963 est
703 917 748 975 nit,
764 918 811 965 nisi
824 918 894 978 nolo,
906 918 972 969 tolo.

605 997 628 1043 X
643 997 666 1042 X
681 998 702 1043 X
719 998 749 1046 V„

603 1079 746 1124 Patientt'a.

349 1154 429 1208 Vincit
437 1156 478 1221 qui
488 1158 590 1220 patitur3
605 1158 707 1221 patitur,
719 1157 855 1220 potiturque
866 1157 944 1219 petitis
954 1176 964 1208 t

411 1236 518 1288 Vincitur
531 1247 556 1283 at
565 1252 659 1299 semper
670 1237 769 1283 foemina
779 1253 833 1301 quae
848 1238 947 1301 patitur.

584 1318 607 1363 X
623 1317 644 1363 X
660 1317 682 1363 X
697 1318 719 1366 V
734 1320 755 1363 1.

487 1397 530 1443 De
539 1396 723 1461 genuflexione
732 1398 875 1461 problema.

352 1477 414 1526 Cum
423 1476 527 1525 defertur
537 1478 612 1525 honos
630 1478 731 1527 demisso
742 1479 844 1542 poplite,
857 1494 930 1544 quare

414 1559 494 1607 Unum
506 1559 556 1612 vir,
565 1558 649 1604 mulier
660 1569 752 1622 torquet
764 1571 888 1622 utrumque
898 1559 983 1623 genu!

353 1630 399 1685 ¹Vir
409 1632 494 1690 semei,
506 1646 530 1679 at
542 1632 626 1679 molier
636 1632 672 1681 bis
688 1650 754 1682 serva
766 1648 843 1681 creata
857 1634 961 1683 videtur:

414 1714 482 1760 Paret
493 1714 556 1760 enim
567 1714 628 1777 patri
637 1715 715 1778 virgo,
731 1716 813 1761 marita
824 1716 882 1763 viro.

573 1796 596 1841 X
612 1797 634 1843 X
650 1798 672 1842 X
688 1797 709 1844 V
724 1799 737 1842 Ι
753 1799 774 1846 1.

354 1873 403 1925 Ad
411 1876 598 1934 Guillelmum,
611 1879 732 1923 comitem
742 1877 923 1926 Pembroctiae
933 1911 940 1938 ,
954 1878 1011 1944 regi

606 1972 623 2001 a
640 1958 762 2003 consiliis.

355 2034 469 2086 Nondum
479 2046 549 2082 aetate
558 2049 644 2093 senex,
655 2037 745 2099 juvenis
758 2052 802 2083 nec
815 2035 920 2085 moribus
932 2056 939 2084 ι
952 2053 1007 2086 ecce

417 2118 453 2163 Te
461 2115 526 2179 jubet
537 2131 589 2177 esso
600 2131 669 2163 suum
682 2132 723 2164 rex
737 2119 864 2182 patriaeque
876 2130 977 2182 patrem.

354 2197 425 2260 Quod
436 2211 458 2244 te
468 2214 510 2244 rex
522 2209 588 2244 tanto
599 2196 670 2243 fuerit
681 2196 789 2262 dignatus
803 2198 905 2255 honore,

417 2278 540 2326 Gratulor?
553 2293 583 2324 an
599 2277 663 2342 quod
675 2279 706 2324 sis
719 2276 818 2340 dignus?
837 2279 1020 2343 utrumqueiice

581 2356 603 2404 X
618 2360 640 2405 X
656 2360 678 2406 X
693 2360 715 2408 V
731 2360 768 2405 11
785 2361 805 2405 1.

357 2436 406 2487 Aa
423 2439 568 2496 Ioannem,
590 2441 702 2485 electum
729 2443 877 2502 episcopum
897 2439 1020 2498 londinert

620 2535 688 2576 sem,
704 2522 772 2566 1611.

357 2600 467 2651 Destinat
478 2609 575 2645 aeternae
587 2609 610 2645 to
618 2616 659 2646 rex
671 2599 819 2647 doctissimus
834 2599 904 2647 urbis

419 2681 456 2737 Te
466 2678 512 2731 sibi
526 2693 647 2746 pastorem
658 2680 715 2732 urbs
725 2681 849 2746 ambitiosa
862 2681 941 2746 petits
