2209 3575
230 424 279 479 148
356 434 535 470 ronna
564 428 758 473 uuonan

497 520 518 566 1·
533 520 557 570 V
572 522 584 565 1
599 523 620 568 1.

448 601 495 648 Ad
503 602 669 647 Faustinum.

233 681 290 727 Esse
302 678 391 728 bonum
400 678 460 727 dixti
468 693 589 740 nostrum,
602 682 619 726 F
622 680 726 739 austine,
735 677 843 729 libellum
855 694 863 727 a

291 761 317 809 Si
326 759 401 810 bonus
411 773 464 822 est,
474 748 565 809 urinam
575 762 620 807 sim
629 776 696 808 meua
706 760 756 825 ipse
768 759 843 809 libor!
878 782 879 787 ¹

482 842 502 886 L
519 842 542 891 V
560 842 636 887 111.

471 922 495 968 0
512 919 649 985 tempora!

230 1000 352 1066 Tempora
364 1012 500 1060 mutantur,
512 1016 556 1048 nos
568 1014 591 1048 et
601 1013 721 1048 mutamur
729 1001 754 1047 in
763 998 824 1059 illis3

296 1081 424 1145 Quomodo
432 1082 443 1129 3
452 1080 479 1128 fit
487 1096 580 1145 semper
589 1094 695 1146 tempore
704 1082 771 1145 pejor
779 1080 862 1129 homo.

509 1164 529 1209 L
545 1165 559 1209 1
575 1164 607 1209 X.

369 1243 544 1302 Traulismus,
557 1243 594 1289 ad
602 1242 752 1288 Balbinum.

230 1323 351 1370 Sermonis
361 1338 496 1386 quanquam
506 1323 564 1369 vitio
573 1354 580 1381 ‚
589 1320 698 1380 Balbine,
709 1321 817 1379 laboras,

292 1405 371 1451 Nemo
380 1405 514 1467 potestnisi
524 1415 549 1451 ru
559 1402 635 1451 dicero
644 1437 652 1463 ,
662 1415 826 1469 papa-pauet·

523 1486 543 1531 L
559 1485 589 1533 X.

433 1564 511 1627 Agna
529 1565 687 1612 oxoniensis.

231 1644 311 1709 Nupta
321 1641 423 1691 senatori
432 1643 556 1691 Benedicro
565 1660 614 1691 non
627 1643 685 1691 beno
694 1642 773 1701 dicto,

292 1724 387 1774 Credita
396 1739 451 1790 quae
460 1724 536 1772 fueras
546 1726 626 1789 Agna,
636 1736 729 1789 reperta
737 1723 793 1789 lupa
800 1739 836 1772 es.

508 1808 527 1852 L
543 1809 567 1853 X
581 1808 602 1852 Ι.

278 1886 326 1935 Ad
332 1885 359 1933 A
361 1887 435 1933 ulum
446 1886 576 1933 medicum
585 1887 728 1951 gratulatio
741 1903 835 1935 vema.
878 1933 883 1941 ,

228 1967 290 2020 Vere
299 1983 362 2014 noro
371 1967 458 2030 impuri
467 1983 534 2014 renos
543 1978 568 2015 et
576 1968 665 2016 viscera
673 1979 774 2031 purgant
784 1983 791 2015 a

291 2045 417 2107 Gratulor,
427 2045 501 2106 Aule,
514 2047 570 2107 ribi3
582 2063 635 2106 ver,
647 2057 687 2094 tua
695 2046 793 2108 messis,
804 2045 880 2094 adest·

497 2129 516 2174 L
532 2128 583 2174 XI
598 2130 621 2176 1.

453 2211 537 2257 Poeta
550 2210 691 2255 laureatus.

228 2290 318 2338 Laurus
328 2293 351 2338 in
360 2292 414 2356 igno
425 2302 504 2353 crepat
513 2323 520 2350 ,
530 2291 612 2338 vivunt
619 2290 645 2335 in
654 2287 736 2336 funere
746 2299 823 2347 ratem

290 2371 384 2420 Pallor?
394 2386 423 2418 an
434 2369 490 2417 hinc
501 2381 582 2420 vatum
591 2369 690 2433 praemia
699 2367 779 2437 lauruo
788 2366 858 2416 erat?

481 2453 501 2499 L
516 2453 595 2497 XII
610 2452 629 2496 Ι.

481 2531 529 2579 Ad
538 2534 628 2578 civem.

229 2607 305 2656 Febre
314 2607 462 2658 laborantem
470 2609 583 2659 decedere
591 2609 693 2658 Phoebus
703 2608 732 2658 ab
744 2607 803 2658 urba

292 2690 328 2737 Te
338 2689 420 2754 jubet,
432 2704 458 2739 ot
468 2690 530 2741 coelo
539 2689 701 2739 commodiore
709 2688 756 2738 frui
765 2705 773 2750 ς
