2209 3575
232 439 285 512 ‘234
372 463 548 503 rouen
578 462 758 510 lunone}

526 552 549 597 X
568 552 597 600 C.

431 633 518 679 Deum
526 649 602 681 nemo
611 632 688 681 vidie.

231 708 309 761 Insria
320 727 483 759 mensnumen
492 729 541 759 non
550 715 638 771 cernit,
650 724 737 760 noctua
748 712 828 760 lumen
839 721 850 765 2

242 805 245 818 ·
295 793 351 840 Non
364 792 426 842 ridet
434 794 479 839 ista
489 790 565 853 diem,
575 808 623 840 non
633 791 697 843 vider
704 791 746 840 illa
753 793 840 840 Deum.

511 874 534 919 X
548 874 568 921 C
585 874 605 920 1.

417 954 503 1000 Senex
513 970 565 999 non
576 964 615 1001 ese
623 952 710 1002 homo.

231 1032 330 1086 msibsse
339 1046 375 1083 est
384 1034 468 1081 animal
479 1035 583 1096 juverre,
594 1033 725 1098 mulierque
734 1046 841 1097 puerque

279 1126 281 1132 '
290 1114 391 1175 Flebile3
402 1112 512 1161 dedidicit
521 1115 596 1160 siccus
606 1124 734 1178 utrumque
743 1128 824 1160 senex.

494 1193 617 1260 XCIL

387 1274 419 1319 In
428 1276 604 1332 Summum,
615 1272 735 1321 atheum.

229 1353 455 1417 Afficitinsipidum‚
465 1355 532 1417 quasi
542 1351 635 1412 fabula,
649 1366 671 1400 te
681 1354 746 1401 sinus
756 1351 842 1405 Abraez

291 1434 377 1482 Malles
386 1437 410 1480 in
420 1437 485 1481 Sarae
494 1447 518 1479 tu
530 1433 640 1481 recubare
649 1435 710 1483 sinu.

483 1512 506 1559 X
520 1515 539 1561 C
556 1516 568 1559 Ι
585 1516 597 1559 1
612 1516 633 1564 I.

520 1595 597 1641 Mos..

231 1672 383 1723 Consuetudo
393 1686 418 1722 et
427 1689 480 1722 mos
489 1674 540 1723 vim
550 1672 609 1739 legis
620 1671 707 1721 habere
716 1672 826 1723 ridentur
836 1688 844 1724 ε

289 1754 431 1824 improbitas
439 1754 510 1804 hodie
517 1756 566 1804 rim
574 1769 668 1820 qnoque
677 1754 734 1820 legis
743 1755 824 1805 habet·

496 1839 518 1884 X
533 1839 553 1884 C
569 1839 581 1883 1
594 1837 624 1886 V.

461 1917 494 1962 In
503 1917 529 1962 A
532 1916 643 1962 lbinum.

228 1996 332 2047 Perdidit
341 1995 436 2043 Albinus
446 2007 562 2043 mercator
571 2010 668 2060 remque
677 1993 795 2062 fidemque
805 2007 814 2046 Ξ

250 2088 253 2095 “
290 2079 329 2125 Nil
340 2078 412 2134 ultra,
423 2075 487 2140 quod
496 2078 544 2140 jam
556 2074 654 2139 perdere
663 2076 752 2139 possit.
763 2076 843 2127 haber.

228 2159 330 2214 Perdidit
339 2158 401 2205 idern
411 2158 507 2204 Albinus
519 2168 612 2203 amator
621 2171 735 2220 spemque
744 2155 877 2222 fidemque;

278 2237 355 2304 'Quid
363 2251 469 2304 superest
478 2235 542 2303 quod
550 2239 598 2299 jam
608 2235 705 2300 perdere
714 2237 808 2301 possit?
821 2239 897 2285 dmm.
909 2264 913 2275 ι

375 2318 377 2323 ’
504 2318 563 2364 XC
583 2316 609 2366 V·

451 2395 645 2462 Anagramma'.

228 2484 282 2534 Vox
291 2479 373 2528 eadem
383 2496 463 2544 gerere
470 2492 493 2526 et
503 2493 585 2541 regere
593 2488 642 2549 esf,
656 2477 921 2543 omenquenotandum:

288 2564 322 2609 Ut
333 2574 396 2625 regat
405 2577 502 2607 uxorem
513 2558 561 2615 vir,
572 2568 639 2621 gerat
649 2556 688 2604 illa
700 2559 787 2607 viru'm.
