2209 3575
314 445 787 493 noeoertcnt‚etc.m·m.
834 437 881 485 323

462 537 482 582 L
493 537 514 581 Χ
524 538 547 582 Χ
556 537 578 581 Χ
589 538 600 581 1
609 536 640 581 X.

454 619 503 664 Ad
521 620 646 663 amicum.

222 692 309 760 Accipe
318 712 389 758 parva
399 698 446 744 mei
456 696 524 745 iaetus
533 714 595 745 nunc
606 695 695 745 fercuta
704 712 789 744 centus
801 714 809 745 t

280 779 332 824 Nec
340 793 394 841 quae
404 778 467 837 sint,
479 776 521 825 sed
531 793 578 841 qua
587 777 679 840 suspice
686 787 765 824 mente
775 776 836 825 data.

520 858 548 902 X
559 857 586 904 C.

462 939 504 985 De
513 939 635 985 caritate·

220 1016 262 1063 δεῖ
270 1015 355 1064 caritas
364 1016 481 1081 perfectus
491 1034 573 1076 amor,
584 1016 732 1081 perfectaque
741 1017 814 1064 virtus
823 1047 831 1076 ‚

280 1099 335 1159 Qua
344 1099 395 1146 eine
403 1099 533 1163 perfectum
543 1099 577 1147 nil
585 1100 688 1164 reperire
695 1110 772 1163 petet.

509 1181 589 1228 XCI.

326 1262 381 1323 Qui
389 1264 450 1309 vu'lt
458 1278 511 1310 esse
520 1264 605 1318 altus,
616 1264 652 1308 tit
661 1260 775 1307 humilis.

219 1340 277 1388 Esto
287 1340 395 1401 humilis,
404 1343 509 1407 quisquis
520 1342 570 1389 fieti
579 1340 644 1405 cupit
655 1341 730 1389 incola
739 1342 791 1389 coeli
802 1360 809 1389 t

281 1421 364 1467 Paetus
375 1423 482 1470 tartareis
492 1424 637 1469 excruciatur
645 1424 720 1487 equis.

509 1504 532 1549 Χ
541 1505 561 1551 C
571 1506 583 1550 1
593 1507 614 1551 1.

222 1582 304 1628 Turdi
311 1594 339 1629 et
348 1584 509 1632 considerati
515 1585 553 1631 ad
566 1585 728 1649 loquendum
745 1585 868 1632 debemus
879 1596 942 1634 esee·

218 1663 267 1722 Qui
277 1663 324 1709 cito
333 1664 464 1727 praecipitat
475 1663 544 1712 velox
553 1666 604 1713 sine
613 1665 717 1729 pondere
726 1664 823 1713 verbum
833 1697 841 1725 ,

279 1745 362 1806 Errat5
374 1744 497 1793 dimittunt
508 1762 556 1793 non
564 1762 677 1795 revocare
687 1758 774 1810 potest.

483 1826 506 1875 Χ
515 1829 534 1875 C
544 1831 558 1875 1
567 1832 579 1875 Ι
588 1831 608 1875 Ι.

236 1906 316 1967 Quod
325 1907 513 1971 dicesfaciesve
522 1911 597 1968 aliis,
608 1909 710 1970 tibIstee
718 1919 744 1955 et
753 1908 862 1956 dicetur.

218 1984 279 2046 Quae
290 1985 352 2032 dices
364 1988 429 2047 attis,
441 1987 482 2035 tibi
491 2005 668 2053 moxresponea
677 1990 766 2036 remitti

280 2068 394 2131 Expectes
404 2084 412 2128 3
424 2070 516 2133 capiet,
531 2070 609 2134 qualia
619 2071 682 2118 dona
693 2068 769 2118 dabie.

486 2153 509 2197 Χ
519 2153 539 2198 C
549 2153 562 2197 1
574 2152 603 2200 V.

248 2227 291 2273 De
301 2229 428 2276 iracundo
438 2245 539 2292 semper
549 2230 691 2278 excedente
693 2230 839 2291 justitiam.

217 2307 266 2368 Qui
277 2319 364 2355 temere
375 2321 400 2356 et
409 2326 512 2373 praeceps
523 2310 616 2357 rabidas
626 2312 711 2358 extreit
722 2311 745 2356 in
756 2310 816 2369 itae,

279 2388 383 2438 Excedet
392 2405 486 2454 temper
494 2391 576 2437 limina
585 2391 689 2454 justitiae.

499 2472 522 2517 Χ
533 2474 552 2520 C
564 2474 594 2520 V.

374 2554 440 2614 Quoe
449 2554 601 2617 virginitati
610 2553 720 2600 obscene.

217 2627 267 2690 Qui
275 2626 326 2676 tuit
335 2630 465 2695 virgineum
475 2631 563 2680 eoelebt
572 2649 663 2682 servare
672 2631 805 2696 pudorem,

281 2709 337 2758 otta
348 2710 436 2760 devitet
446 2711 617 2779 femineosque
627 2713 720 2763 choree.
