2209 3575
310 452 597 490 attonitum.
622 456 690 489 m.
714 458 778 496 m.
822 444 871 494 233

481 523 501 571 C
519 526 597 570 111.

479 603 601 650 Aceaeon·

217 680 316 730 Carnem
326 682 394 731 odere
403 698 472 731 canes
482 684 616 740 Actaeonis,
627 698 681 731 ossa
689 715 696 743 ‚
705 697 829 749 cutemque
841 701 849 733 t

276 763 371 810 Cornua
381 763 483 810 Loudini
492 762 657 825 conspicienda
667 776 774 811 manent.

490 842 509 890 C
528 844 539 887 1
557 842 587 891 V.

283 922 506 985 Multiplicatt'oet
514 922 605 968 divisio
613 922 796 970 arithmeticae.
828 913 832 920 ⁴

215 1002 263 1050 Cur
272 1000 379 1049 dextram
390 1001 489 1059 divisio,
499 1001 664 1065 multiplicatio
674 1002 774 1061 laevam,
850 1020 852 1024 ¹

275 1082 396 1145 Respicit?
406 1094 443 1129 cst
454 1083 526 1128 virtus
535 1081 588 1139 illa,
600 1081 640 1128 sed
651 1081 703 1128 haec
712 1083 803 1128 vitium.

214 1162 262 1210 eur
270 1175 364 1208 tursum
375 1159 473 1217 divisio,
484 1159 649 1223 multiplicatio
657 1158 775 1217 d'orsum,

276 1241 380 1305 Aspicit?
392 1239 445 1288 haec
456 1240 548 1287 homini
560 1241 685 1299 convenit,
696 1238 735 1287 illa
745 1242 804 1288 Deo.

508 1321 527 1367 C
541 1321 575 1369 V.

497 1399 590 1447 Arbor.

214 1478 385 1537 ventilem,
396 1476 527 1543 flavamque
537 1490 607 1526 aestas
617 1495 656 1527 mc
666 1476 770 1539 fervida,
781 1493 863 1527 canam

276 1562 423 1618 Autumnus,
437 1558 526 1605 calvam
537 1556 620 1622 frigida
630 1556 684 1606 fecit
692 1557 774 1605 hiemo.

492 1640 511 1685 C
527 1639 548 1688 V
564 1641 585 1685 Ι.

276 1719 324 1768 Aa
341 1719 504 1767 Theodorum
524 1721 601 1765 Price
612 1752 620 1777 ‚
641 1722 809 1768 oxoniensem

463 1800 622 1863 theologum.

216 1883 269 1931 Uno
278 1897 325 1928 non
336 1897 448 1945 possum,
461 1893 573 1945 quantum
587 1892 608 1926 to
618 1880 705 1945 diligo,
716 1896 786 1928 versu

276 1963 362 2009 Dicere
370 1978 378 2024 5
392 1963 413 2008 ti
422 1962 479 2008 satit
489 1973 525 2007 est
534 1959 652 2008 distichon
661 1994 668 2019 ,
677 1975 730 2007 ecco
739 1958 806 2007 duos.

478 2042 497 2089 C
514 2042 538 2088 V
555 2044 566 2087 1
583 2044 603 2088 1.

461 2123 532 2167 Unus
543 2124 623 2169 Deus.

217 2201 307 2251 Coelttm
316 2200 472 2249 lieteroclitott
483 2213 532 2259 est,
545 2213 572 2248 ut
583 2213 663 2248 noster
673 2198 745 2246 Lilius
754 2198 829 2264 inquit
838 2215 846 2248 t

276 2281 363 2329 Plurali
371 2296 470 2327 numero
479 2296 527 2327 non
536 2291 598 2326 caret
609 2281 660 2342 ipse
670 2279 745 2325 Deus.

217 2362 239 2410 0
249 2374 334 2427 quanta
344 2372 380 2408 est
389 2371 496 2409 veterum
509 2359 653 2425 blasphemia
663 2359 886 2424 grammaticorum,
895 2421 897 2425 ι

276 2443 325 2506 Qui
336 2441 498 2489 declinandum
508 2457 553 2488 nos
563 2440 663 2488 docuere
671 2438 763 2489 Deum!

466 2523 486 2570 C
502 2523 524 2572 V
540 2525 552 2568 I
568 2524 616 2569 11.

461 2603 514 2650 Dei
529 2617 620 2666 genus.

218 2679 326 2731 lleutrius
335 2680 426 2747 genetis
436 2683 502 2728 Deus
513 2693 563 2739 est;
573 2697 616 2728 nec
624 2680 735 2737 foemina,
747 2695 790 2729 nec
800 2695 867 2728 mas:

275 2762 330 2810 Hoc
340 2762 412 2826 igitur
421 2777 509 2808 numen
520 2776 564 2809 noc
573 2759 616 2810 dett
626 2777 668 2810 nec
679 2761 736 2810 deut
746 2772 788 2810 est.
823 2775 861 2807 no.

284 2568 292 2590 U
