2209 3575
235 426 283 481 ³⁴²
375 432 556 472 sonem
579 433 762 474 Annon}

491 521 515 566 X
530 521 552 567 X
567 520 590 572 V
604 523 627 568 1.

390 599 423 646 In
432 601 585 648 Intestaeum
594 600 735 648 collinum.

234 676 275 726 Nil
285 679 405 739 moriens,
416 681 521 739 colline,
533 681 579 729 tuis
588 680 645 741 das,
655 683 737 729 omnia
746 681 840 748 linqu'n

296 760 383 807 Parcus
393 775 444 808 eras
451 761 548 818 vivens,
559 776 645 824 porcus
653 776 706 810 erae
715 764 827 811 moriens.

479 841 502 886 X
517 841 540 886 X
556 842 646 891 v11.
737 872 739 875 >

369 919 411 967 De
420 921 573 983 virginitate
584 931 612 967 et
618 921 752 987 conjugio.

233 998 360 1065 Virginitae
367 1011 465 1065 angusta
474 1001 511 1050 via
521 1010 573 1059 est,
584 1001 622 1050 via
630 1001 699 1048 latior
709 1014 790 1050 autem

294 1081 407 1146 conjugis
416 1095 424 1141 ς
434 1079 488 1128 hinc
499 1080 577 1144 plures
587 1079 750 1145 ingrediuntur
757 1097 818 1131 eam.

462 1164 486 1208 X
498 1163 521 1208 X
535 1162 559 1211 V
574 1162 587 1207 1
602 1163 615 1207 1
629 1163 652 1208 1.

477 1244 510 1289 In
520 1245 559 1290 Pa
563 1257 644 1289 nsum.

232 1321 272 1370 Lis
281 1322 342 1371 inter
349 1325 450 1370 Pansam
461 1324 538 1388 gravis
549 1322 741 1387 Eunominmque
750 1324 862 1389 magistre]

292 1403 329 1449 De
338 1403 409 1449 sacris
419 1402 474 1448 cleri
482 1403 566 1450 ritibus
577 1414 630 1450 orta
639 1401 692 1449 fuit.

230 1481 334 1529 Exhibet
343 1484 472 1528 Eunomiue
482 1485 604 1547 geminos,
616 1482 661 1530 eub
670 1481 755 1542 biblia,
770 1494 852 1544 testes,

294 1564 447 1609 Testamenta
456 1565 503 1610 Dei
512 1580 560 1610 non
571 1561 699 1611 dubitanda
708 1563 766 1611 duo.

231 1641 297 1707 Quid
305 1657 360 1690 cum
369 1642 488 1705 ecn'pturie
496 1675 504 1701 ,
512 1642 603 1708 inquit,
613 1642 671 1689 mihi
680 1644 754 1691 Pansa
764 1645 841 1709 negoti
848 1659 862 1691 e

292 1724 352 1771 Ecee
361 1734 501 1772 statutorum
511 1757 519 1780 ,
531 1722 605 1770 biblia
616 1735 712 1786 nostre,
724 1724 822 1773 librum.

489 1806 512 1851 X
527 1806 550 1851 X
565 1806 578 1850 1
594 1806 622 1852 X.

488 1885 538 1933 Ad
547 1887 582 1932 D.
599 1887 625 1932 Τ.

230 1966 270 2014 Tu
283 1962 393 2012 dominos
405 1975 494 2011 sectare
503 1963 579 2024 duom
591 1963 699 2012 mirabile
709 1964 773 2014 dictu
786 1979 836 2027 eet,

290 2047 318 2094 Si
330 2044 368 2095 vel
378 2047 471 2110 unique
479 2044 557 2109 places
568 2056 605 2103 tu,
620 2045 657 2095 vel
666 2057 763 2113 uterque
772 2047 822 2097 tibi.

504 2127 527 2170 X
541 2126 564 2171 X
580 2126 612 2170 X.

425 2203 503 2250 Fides
521 2205 686 2252 mercatoria.

228 2289 285 2350 Quo
293 2286 354 2334 solet
362 2300 412 2333 esse
421 2285 478 2331 fides
487 2285 566 2331 minor
575 2285 599 2330 in
609 2283 748 2333 debentibus
756 2303 847 2348 aurum,

291 2369 319 2422 In
328 2365 436 2414 credente
445 2365 502 2412 fides
513 2364 560 2412 hoc
569 2365 630 2412 solet
638 2380 688 2413 esee
697 2369 782 2414 minor.

227 2447 307 2495 Diruit
314 2449 450 2492 innumeros
459 2445 505 2492 hoc
515 2456 621 2508 tempore
632 2458 776 2494 mercatores

290 2531 362 2589 (Non
373 2537 451 2576 tutum
459 2539 494 2575 est
502 2525 572 2575 hodie
581 2527 688 2588 credere)
700 2528 752 2577 sola
762 2525 824 2576 fides.
