2209 3575
248 445 306 505 ,ογῦ
406 455 566 491 sossius
592 452 759 489 tonores

261 546 344 593 Fertur
355 542 379 589 in
390 541 509 590 oecultum
520 542 614 604 sapiens
624 555 678 585 cum
689 540 752 601 pisce
762 532 905 604 profundunt

282 665 284 670 .
323 621 468 669 Ambitiosus
479 622 515 667 ari
525 636 583 683 par,
594 617 723 680 avidusque
731 616 792 663 cani.

487 702 544 749 LX
560 700 582 744 X
597 700 619 744 X
634 701 646 744 1
662 698 690 743 X.

433 783 564 828 Solarium
577 780 745 842 pedestrium.

264 865 320 911 Non
330 876 404 925 equus
414 860 443 907 ad
454 860 526 907 coelos
536 875 677 924 generosum
688 860 787 905 Castora
798 858 872 916 vexitr

321 945 389 999 Nec,
401 953 473 1003 puto,
485 937 662 1003 Triptolemum
674 953 754 985 currus
763 939 788 985 in
799 950 859 985 astra
869 934 906 984 tuli

264 1023 354 1071 semita
363 1021 477 1068 coelorum
489 1032 525 1066 est
536 1030 650 1083 angusta,
661 1017 809 1081 pedestribus
818 1028 883 1081 aptus

302 1155 306 1161 ,
329 1102 439 1149 Ambulat
448 1102 472 1147 in
482 1100 528 1147 lata
538 1115 620 1146 currus
630 1114 751 1165 equusque
760 1100 806 1148 ria.

349 1191 351 1193 ’
563 1182 586 1226 X
601 1181 629 1227 Cr

393 1312 395 1317 ¹
559 1261 631 1306 Cera.

268 1340 365 1388 Utiliter
377 1341 458 1404 triplex
468 1356 512 1404 ego
522 1355 575 1386 sum
582 1355 589 1397 ς
601 1352 680 1395 sacra,
692 1336 770 1399 justa,
781 1336 890 1385 salubris:

329 1422 457 1484 Amystis,
468 1419 581 1474 medicis,
596 1416 747 1482 juridicisque
759 1416 836 1465 color.

546 1501 569 1545 X
584 1500 603 1547 C
619 1500 640 1546 1.

340 1581 373 1625 In
383 1579 526 1643 quamdam
530 1581 677 1644 formosam
690 1567 846 1627 instalt'lem.

269 1660 307 1724 'rs
318 1674 358 1705 rex
371 1670 487 1706 astrorum
499 1658 612 1716 decorat,
626 1660 707 1722 regina
717 1657 845 1722 guberuat3

333 1743 362 1786 lu
373 1739 439 1790 vultu
449 1739 484 1788 sol
494 1774 502 1800 ,
513 1741 537 1785 in
547 1752 644 1803 pectore
653 1738 709 1786 luna
717 1751 768 1788 tuo.

533 1819 556 1864 X
573 1821 591 1866 C
608 1822 619 1865 Ι
640 1821 661 1865 1.

356 1885 405 1946 ¹De
416 1901 507 1945 anima
518 1911 546 1945 et
558 1913 679 1962 corpore,
689 1897 832 1961 problema.

271 1978 396 2046 Appellunt
405 1979 469 2026 Graii
479 1995 560 2026 servos
572 1996 613 2026 sua
624 1980 636 2004 *
650 1978 751 2041 eriperis
762 2012 769 2038 ,
779 1979 866 2045 quare!

332 2060 395 2105 Nam
407 2074 474 2105 mens
484 2060 510 2104 iu
520 2074 587 2105 serra
598 2059 671 2107 libera
680 2075 750 2107 earne
761 2059 826 2108 latet.

271 2140 384 2202 Corporis
393 2149 429 2185 est
438 2136 546 2184 dominus
556 2169 563 2196 ,
573 2136 696 2197 domiuus3
708 2155 764 2196 rex,
774 2140 878 2204 corporis
886 2152 906 2187 es

335 2221 390 2280 Non
402 2220 503 2276 animae3
515 2217 561 2264 soli
571 2220 676 2265 noscitur
684 2218 724 2265 illa
735 2221 797 2266 Deo.

274 2299 386 2367 Corporis
396 2309 432 2346 est
441 2300 534 2362 genitor
544 2333 551 2357 ,
562 2300 665 2362 genit013
678 2314 746 2346 mens
757 2301 854 2347 numine
862 2299 906 2349 diri

335 2379 407 2425 Ducit
416 2377 447 2424 ab
455 2378 562 2443 ingenito
572 2393 620 2425 non
632 2390 742 2442 generata
751 2394 836 2443 genus.

303 2463 423 2520 {Corpora

523 2539 546 2584 X
563 2537 582 2585 C
600 2540 613 2585 1
630 2540 641 2585 1
658 2540 679 2585 l.

331 2616 374 2662 De
387 2619 523 2664 mIraoulis
535 2617 638 2664 Christi.
652 2619 685 2664 In
700 2620 874 2668 incredulum.

276 2696 331 2743 Non
342 2695 383 2741 tibi
394 2707 457 2764 rapta
467 2696 539 2756 fides,
553 2695 630 2744 secere
640 2709 665 2744 ut
675 2698 788 2746 miracula
798 2703 888 2764 possis;

340 2777 484 2835 Teutanes,
495 2789 522 2824 ut
529 2777 606 2841 postis
616 2775 712 2824 credere
720 2778 794 2840 fectu,
806 2779 871 2829 fides.
