2209 3575
326 413 620 454 nnumin.
645 423 714 457 ιιι.
738 424 783 460 u.
830 413 878 465 κδ

516 506 539 551 X
555 508 599 556 L.

342 582 434 629 Mensa
443 586 557 633 rotunda
567 590 633 652 regis
639 589 757 637 Arelun:

254 650 326 706 luculi
332 673 421 723 septem
430 665 561 726 sapientum
571 669 670 715 nomina
678 671 746 732 jussit

295 741 389 812 lutereti
398 747 489 807 sapiens
500 746 619 810 delphicus
627 749 685 797 orbe
693 750 750 799 deus
761 766 768 797 s

250 814 287 878 lic,
294 820 384 870 luhure
392 839 478 888 sagax,
488 842 560 889 eques
571 830 728 895 unusquisque
740 842 835 881 tuorum

292 902 315 947 ln
326 906 390 951 tereti
397 908 577 969 mensuprimus
587 920 611 956 et
620 910 681 957 imus
692 923 748 958 erat.

496 988 519 1032 X
533 989 552 1033 L
568 990 588 1034 I.

465 1067 622 1114 Subsidium.
642 1121 650 1129 ,

243 1136 312 1206 Ηςεπι
323 1146 400 1192 enisus
409 1156 433 1193 et
442 1146 544 1192 nummis
553 1145 662 1204 ecclesia,
673 1162 774 1210 corpore
783 1147 868 1215 vulgus
876 1181 886 1215 ,

285 1223 396 1272 Nobilitas
405 1223 490 1288 opibus
499 1225 695 1291 corporibusque,
705 1219 774 1290 juva.¹

486 1305 508 1351 X
523 1307 542 1351 L
559 1309 570 1352 l
587 1308 606 1353 Ι.

457 1388 542 1433 Novus
551 1386 626 1433 orbis.

236 1458 305 1513 llessio
313 1478 372 1531 quot
379 1464 543 1513 cabalistarum
550 1464 630 1512 schola
640 1469 738 1530 mystica
748 1466 850 1518 mundos

281 1546 380 1593 leseritt
391 1544 526 1592 innumeros
535 1560 586 1592 esse
595 1546 707 1606 Epicurus
716 1548 757 1593 uit.

231 1619 315 1672 ltbene
324 1628 345 1674 si
352 1641 475 1683 numeres,
485 1623 533 1671 duo
544 1635 599 1671 sunt
608 1641 614 1671 ι
624 1641 702 1672 rerum
712 1626 751 1674 ille
760 1639 881 1692 vetustusf

278 1706 421 1768 vextorum,
432 1706 456 1752 in
466 1722 514 1770 quo
522 1722 585 1753 nunc
591 1705 691 1753 vivimus
699 1705 771 1766 orbe,
781 1724 864 1759 novus.

471 1789 494 1834 ll
508 1789 527 1832 L
542 1790 555 1833 1
570 1790 582 1832 1
598 1788 619 1834 1.

441 1868 641 1930 Jaunsbifrons.

225 1947 305 2013 Ingenii
311 1949 398 2006 virtus,
407 1945 618 2010 reminiscendiqus
626 1945 735 2005 facultas,

277 2031 324 2078 Ista
333 2026 397 2095 quod
406 2043 420 2075 a
432 2039 497 2091 tergo
506 2038 555 2083 est,
565 2026 604 2074 illa
613 2025 676 2091 quod
685 2038 738 2075 aute
746 2059 754 2086 ‚
765 2024 840 2081 videt.

470 2108 491 2154 X
507 2108 527 2153 L
542 2108 555 2152 1
570 2108 602 2157 V.

448 2188 545 2251 Corpus
555 2198 638 2234 terrae.

224 2267 318 2316 Telluris
324 2267 416 2332 lapides
425 2279 479 2314 sunt
487 2283 554 2324 ossa,
564 2263 704 2328 metullaque
713 2265 793 2324 nervi,

273 2348 342 2397 Psilis
351 2360 431 2396 crustu
436 2381 444 2405 ,
455 2347 496 2411 pili
504 2347 623 2412 gramine,
634 2345 728 2408 sanguis
737 2360 809 2410 equa.-

485 2429 508 2473 Χ
524 2429 543 2472 L
559 2427 590 2473 V.

356 2507 406 2555 Ad
412 2509 561 2554 Pannicum
570 2507 602 2553 de
611 2507 714 2553 Mauro.

216 2591 276 2640 luter
285 2602 308 2638 te
316 2588 484 2652 dominumque
495 2599 561 2634 tuam
570 2602 612 2634 sue
620 2620 627 2644 ,
635 2588 736 2635 Pannice
745 2621 752 2648 ,
762 2589 862 2641 Maurus

260 2670 369 2730 Dividit;
381 2669 450 2716 uxori
459 2683 513 2728 res,
526 2665 569 2715 tibi
578 2665 650 2716 verba
657 2666 729 2716 dedit.
