2209 3575
217 437 265 487 282
339 444 525 487 noum
553 443 748 493 sunem

492 535 515 582 X
529 537 552 587 V
568 538 590 585 1.

440 617 474 663 In
487 618 637 669 Baldt'num.

216 693 295 743 Edidit
304 694 426 758 indignos,
436 698 461 742 in
471 696 546 743 iucem
556 732 563 755 ‚
577 697 629 745 luce
640 695 733 746 libellos

278 774 401 837 Baldinus3
412 775 495 840 dignos
503 788 527 824 at
538 788 616 825 tamen
627 778 680 844 igne
689 777 773 827 libros.

475 856 498 902 X
514 856 537 906 V
552 859 601 903 11.

363 934 512 1000 Decangus
524 948 551 983 et
561 936 717 1000 symbolum.

215 1015 265 1064 Cur
273 1013 387 1062 credenda
395 1014 454 1061 mihi
463 1014 574 1062 faciendis
584 1015 650 1078 piura
659 1015 786 1079 jubentur?

277 1098 333 1145 Non
342 1105 391 1142 tam
400 1093 493 1142 difficile
502 1107 538 1143 est
549 1095 644 1142 credere
653 1112 726 1160 quam
736 1094 822 1145 [acere.

463 1176 486 1221 X
502 1177 526 1225 V
541 1178 553 1221 Ι
570 1178 583 1221 Ι
600 1178 619 1221 Ι.

405 1258 521 1302 Scientia
537 1268 564 1301 et
577 1258 682 1302 caritas.

218 1337 279 1383 Sunt
286 1334 333 1383 duo
346 1335 473 1394 noscendi,
485 1335 533 1383 duo
543 1348 598 1383 sunt
608 1335 667 1382 mihi
676 1350 770 1400 semper
778 1335 884 1397 amandi3

277 1416 374 1461 Numen
384 1448 391 1473 ‚
401 1429 425 1463 et
434 1417 499 1477 ipsus
509 1432 553 1480 ego
563 1433 570 1474 ;
581 1432 685 1476 numen,
697 1428 722 1465 et
732 1419 792 1465 alter
801 1433 854 1484 ego.

491 1498 514 1541 X
530 1499 542 1542 1
557 1497 587 1544 X.

383 1576 427 1622 De
437 1575 553 1622 decimis.
564 1575 612 1621 Ad
619 1576 707 1622 laicos.

216 1655 266 1715 Qui
273 1655 335 1703 venit
343 1654 398 1701 hinc
408 1655 508 1714 fructus,
522 1654 611 1702 fructus
620 1657 780 1718 superemidet
788 1672 883 1717 omnes,

278 1737 396 1783 Posterior
405 1752 469 1782 nono
480 1749 516 1783 est
526 1736 696 1800 undecimoque
707 1737 779 1800 prior.

216 1817 295 1879 Quam
304 1816 380 1864 bonus
389 1833 417 1864 en
428 1820 493 1864 Deus
503 1831 538 1865 est
547 1851 553 1876 ‚
565 1816 610 1864 sibi
619 1819 658 1881 qui
667 1833 714 1865 non
724 1818 797 1882 exigit
805 1820 855 1882 ipse

276 1897 330 1946 Plus
338 1896 443 1955 decimo,
455 1898 523 1945 vobis
534 1899 575 1961 qui
584 1897 648 1944 dedit
657 1898 707 1959 ipsa
718 1896 816 1946 decem!

508 1979 530 2022 x
545 1977 576 2022 x.
756 1966 762 1981 ’

400 2059 442 2104 De
458 2057 515 2104 Deo
533 2069 560 2104 ec
576 2057 682 2104 mundo.

214 2141 270 2189 Non
280 2128 315 2187 esi
325 2139 348 2185 in
358 2136 447 2185 mundo
455 2139 518 2184 Deus
527 2137 587 2193 hoc;
597 2137 635 2183 hic
642 2134 744 2184 mundus
753 2139 777 2185 in
787 2138 827 2189 illo
836 2152 884 2188 est:

276 2222 331 2268 Hoc
340 2236 421 2266 sumus
431 2220 455 2264 in
465 2218 553 2264 mundo
563 2234 606 2264 nos
617 2234 624 2276 ;
636 2216 785 2282 utinamque,
798 2223 858 2269 Deo.

494 2300 516 2344 X
530 2301 552 2344 X
569 2302 588 2344 Ι.

308 2381 355 2426 Jus
371 2380 533 2426 decimarum
547 2391 574 2426 et
585 2379 772 2440 primitiarum.

215 2459 309 2523 Omega
319 2473 343 2506 et
353 2460 422 2522 alpha
433 2461 496 2505 Deus
505 2477 512 2518 ς
522 2475 600 2506 rerum
610 2459 669 2520 petit
678 2473 735 2523 ergo
746 2471 837 2508 tuarum

277 2541 333 2587 dure
342 2539 386 2587 sibi
394 2539 495 2587 decimas
504 2539 664 2604 primitiasque
674 2540 747 2586 Deus.
