2209 3575
318 453 600 498 strenuum.
622 458 690 494 ru.
709 453 793 497 vrri·
832 442 880 505 sii,

453 547 473 594 L
490 547 512 593 X
527 546 548 592 X
565 545 588 592 X
602 545 629 595 V.

482 627 609 674 Mundus.

242 686 264 745 Ῐπ
270 704 348 780 mondo
356 704 441 753 mundi
450 703 497 754 rius
507 717 578 765 sunu
588 703 756 755 mundissimus
765 706 834 768 altor,

287 784 487 833 immundissimos
495 784 534 831 iric
543 802 550 832 s
560 784 662 833 mundus
672 797 770 851 uterque
779 797 868 835 tumens·

441 864 462 910 L
478 864 500 909 X
515 864 538 909 X
553 864 576 910 X
591 864 613 912 V
630 866 650 911 1.

372 943 423 993 Ad
432 944 463 991 G.
474 944 498 989 J.
515 955 693 992 mercatorem.

236 1018 279 1083 Quo
286 1024 320 1072 cui
328 1023 383 1090 plus
393 1021 497 1081 dederis,
507 1024 582 1088 magis
592 1022 639 1071 hoc
649 1022 691 1070 tibi
701 1022 742 1071 fist
750 1022 855 1089 amicusg

282 1107 335 1168 Quo
344 1103 396 1169 plus
406 1101 545 1162 credideris,
553 1102 684 1168 hocmsgis
692 1102 768 1151 hostis
777 1103 831 1152 orit·

436 1187 456 1232 L
471 1185 494 1230 X
509 1185 531 1231 X
546 1184 633 1234 XVI
650 1186 672 1232 L

355 1267 374 1314 S
375 1265 510 1314 aeis-datio
520 1275 547 1313 ee
554 1264 719 1329 satis-saceio.

228 1340 271 1394 Vox
278 1345 302 1394 io
311 1360 416 1393 ooessrso
425 1346 456 1392 sit
468 1346 532 1406 jurs,
543 1342 800 1408 satis-dars,qusmv1s

278 1425 366 1474 Crebra
371 1459 380 1484 ,
390 1425 415 1470 in
426 1422 562 1489 pontificum
571 1427 634 1489 jure,
645 1423 791 1473 satis-socero
797 1441 806 1489 r

225 1506 310 1557 iorisrss
319 1509 376 1556 satis
386 1508 516 1571 rccipiunt,
531 1518 555 1553 st
567 1521 620 1554 raro
632 1504 772 1555 satis-dant:

277 1588 357 1637 Mults
365 1588 423 1636 satis
432 1586 526 1645 dicunt,
537 1601 591 1633 raro
601 1585 771 1635 satis-faciunt.

407 1669 427 1716 L
443 1669 466 1715 X
482 1668 506 1714 X
520 1668 543 1714 X
558 1668 577 1717 V
593 1669 605 1713 1
621 1668 669 1715 IL

446 1746 645 1798 Wicbamicus.

220 1831 372 1895 Pompeianus
382 1845 427 1893 ego
436 1844 484 1875 non
493 1844 560 1886 sum,
570 1844 617 1874 non
627 1826 781 1889 caes'srisnus.

276 1913 335 1960 Non
345 1925 400 1958 sum
409 1907 524 1973 syllanus,
535 1923 590 1955 sum
599 1909 716 1956 marianus
725 1923 781 1972 ogo.

431 1990 451 2035 L
466 1988 526 2034 XX
543 1989 566 2035 X
579 1991 591 2034 1
606 1989 637 2035 X.

216 2071 311 2120 Contra
321 2069 392 2117 iliud
399 2067 472 2132 quod
478 2069 560 2131 vulgo
569 2068 626 2114 dici
634 2071 701 2115 solet
710 2086 718 2115 .·
728 2067 860 2131 *fluerem

276 2152 415 2213 juniorem
425 2151 525 2196 seniore
536 2148 797 2212 generosioremssse.

215 2231 289 2280 Lutor
298 2227 374 2277 Adam
384 2228 490 2292 gensris,
501 2243 549 2291 quo
559 2243 606 2274 non
615 2226 752 2291 generosior
761 2226 836 2290 alten

275 2310 370 2373 Nempe
379 2309 479 2354 creatori
487 2308 609 2370 proximus
617 2307 668 2369 ipss
675 2322 734 2354 suos

215 2391 277 2456 Ergo
287 2388 420 2454 proximior
431 2402 478 2450 quo
489 2387 542 2450 quis
551 2398 688 2432 numeratur
695 2385 801 2449 Adsmo,

276 2470 332 2515 Hoc
340 2467 476 2532 generosior
484 2477 535 2523 est,
547 2467 725 2531 proximiorqus
737 2468 797 2517 Deo.

242 2548 255 2600 ‚st
267 2549 313 2590 The
321 2559 411 2604 youngsr
416 2546 497 2588 brother
505 2549 523 2588 is
532 2549 566 2588 she
575 2547 674 2588 ancisnter
680 2547 801 2603 ganiman.
