2209 3575
226 442 278 496 252
323 456 526 494 connis
556 456 739 499 runornr

477 526 496 573 L
512 527 535 572 X
547 527 571 573 X
586 528 598 573 1
614 529 645 577 X.

279 602 386 668 Josephr'
402 606 469 653 Hali
478 637 486 666 ,
505 606 738 672 cantabridgiensis
747 641 756 670 ,
774 619 841 659 vota

442 698 470 734 et
484 687 678 738 meditationes.

231 762 294 816 Vota
303 765 408 813 vovenda
418 781 502 826 rores,
513 766 641 833 scribisque
649 767 749 833 legenda
759 786 766 817 ε
777 769 862 819 beatur

292 846 341 909 Qui
349 843 389 895 tua'
400 858 456 896 vota
463 846 531 911 legit,
545 848 566 894 si
576 858 614 895 tna
622 860 678 897 vota
687 846 743 897 facit
753 848 760 897 Ξ

491 929 511 974 L
526 928 549 973 X
564 929 586 973 X
599 929 628 975 X·

462 1009 653 1073 Anagramma.

400 1086 449 1135 Ad
455 1087 590 1147 Priscum,
600 1104 695 1135 senem.

231 1169 281 1219 Cur
290 1184 337 1216 non
345 1180 414 1227 eunt,
425 1179 451 1215 ut
458 1179 538 1228 erant,
552 1169 623 1232 crispi
634 1167 675 1216 tibi
683 1200 690 1228 ,
699 1168 790 1227 Prisce,
801 1164 872 1232 capilli

293 1251 385 1297 Priscus
396 1264 441 1312 ego
450 1264 497 1296 non
507 1264 561 1295 sum
570 1247 611 1313 qui
622 1246 694 1295 modo
704 1248 795 1312 crispus
806 1262 872 1295 nram.

475 1330 495 1373 L
511 1330 534 1374 X
548 1329 571 1374 X
587 1328 644 1375 XI.

440 1409 501 1454 Nox
511 1408 671 1455 britannica.

231 1486 368 1537 Dicuntur*
380 1487 496 1533 Minima
507 1491 626 1535 contenti
639 1500 715 1535 nocte
727 1489 848 1537 Britanni
860 1502 870 1535 r

295 1570 413 1616 Contenta
422 1578 459 1615 est
465 1566 536 1633 longa
544 1580 614 1616 nocte
623 1570 733 1616 Britanna
740 1568 796 1618 frui.
869 1635 871 1640 Ι

259 1648 273 1676 ¹*
286 1650 358 1692 Juven.
369 1658 407 1690 rat.
423 1660 449 1699 2,
463 1662 483 1689 v.
496 1649 540 1690 161.

460 1727 518 1774 LX
532 1727 555 1772 X
571 1728 593 1773 X
608 1729 620 1774 1
643 1760 651 1775 .

470 1808 653 1856 AdNaeriam.

148 1951 155 1960 ι
233 1888 275 1940 801
283 1889 373 1954 fugitur
380 1903 499 1953 praesens,
510 1888 620 1953 idemque
630 1888 756 1953 requiritur
765 1888 866 1939 absence

295 1973 375 2032 Quum
384 1968 467 2016 similis
478 1967 523 2015 soli
532 1980 568 2015 est
574 1999 581 2023 ,
594 1969 692 2029 Naevia,
703 1979 784 2018 noster
792 1967 872 2018 amor!

447 2049 467 2094 L
483 2048 506 2093 X
521 2049 544 2094 X
558 2049 581 2095 X
596 2051 610 2094 1
625 2051 636 2094 Ι
653 2052 673 2096 Ι.

386 2129 420 2176 In
429 2130 548 2189 Festum,
559 2129 718 2176 mendacem.

233 2210 319 2260 Omnis
326 2209 401 2258 homo
410 2220 445 2256 est
453 2208 569 2268 mendax,
579 2221 638 2272 puto
646 2210 726 2268 ‚Festo
735 2206 872 2268 ,fateberisr

294 2292 405 2340 Mentiris
418 2323 426 2352 ,
436 2290 504 2349 dicit,
516 2291 557 2354 qui
570 2289 611 2335 ribi
620 2288 690 2349 dicit,
702 2289 780 2339 homo
792 2305 827 2338 cs.

453 2372 472 2417 L
489 2372 511 2416 X
526 2371 588 2459 {X
604 2372 615 2416 Ι
631 2370 662 2420 V.

435 2451 468 2496 In
479 2447 681 2513 Carpophorum.

234 2528 297 2578 Cum
305 2528 394 2577 ridente
402 2527 460 2577 foris
470 2529 531 2577 ridet
539 2528 662 2576 simulator
671 2528 747 2576 amica

294 2608 460 2673 Carpophorus
468 2625 476 2671 5
487 2605 528 2656 flet
537 2623 592 2656 cunr
600 2609 698 2674 conjuge
706 2606 777 2657 flente
786 2606 859 2657 domi.

732 2786 872 2841 Lxxxv
