<?xml version="1.0" encoding="UTF-8"?>
<!DOCTYPE html PUBLIC "-//W3C//DTD XHTML 1.0 Transitional//EN"
    "http://www.w3.org/TR/xhtml1/DTD/xhtml1-transitional.dtd">
<html xmlns="http://www.w3.org/1999/xhtml" xml:lang="en" lang="en">
 <head>
  <title>
</title>
<meta http-equiv="Content-Type" content="text/html;charset=utf-8" />
  <meta name='ocr-system' content='tesseract 3.04.00' />
  <meta name='ocr-capabilities' content='ocr_page ocr_carea ocr_par ocr_line ocrx_word'/>
</head>
<body>
  <div class='ocr_page' id='page_1' title='image "./joannisaudoenic00verigoog_0038.png"; bbox 0 0 2209 3575; ppageno 0'>
   <div class='ocr_carea' id='block_1_1' title="bbox 234 451 752 491">
    <p class='ocr_par' dir='ltr' id='par_1_1' title="bbox 234 451 752 491">
     <span class='ocr_line' id='line_1_1' title="bbox 234 451 752 491; baseline -0.006 -2"><span class='ocrx_word' id='word_1_1' title='bbox 234 456 283 491; x_wconf 69' lang='lat'>200</span> <span class='ocrx_word' id='word_1_2' title='bbox 370 451 542 489; x_wconf 66' lang='lat' dir='ltr'>8011!ssss</span> <span class='ocrx_word' id='word_1_3' title='bbox 572 451 752 487; x_wconf 67' lang='grc' dir='ltr'><strong>ΔΠΜΙΜ</strong></span> 
     </span>
    </p>
   </div>
   <div class='ocr_carea' id='block_1_2' title="bbox 230 535 873 2830">
    <p class='ocr_par' dir='ltr' id='par_1_2' title="bbox 230 535 873 2830">
     <span class='ocr_line' id='line_1_2' title="bbox 235 535 786 603; baseline -0.009 -17"><span class='ocrx_word' id='word_1_4' title='bbox 235 539 333 603; x_wconf 79' lang='lat' dir='ltr'>Cognati</span> <span class='ocrx_word' id='word_1_5' title='bbox 345 550 451 585; x_wconf 80' lang='lat' dir='ltr'>natorum</span> <span class='ocrx_word' id='word_1_6' title='bbox 461 539 533 584; x_wconf 76' lang='lat' dir='ltr'>instar</span> <span class='ocrx_word' id='word_1_7' title='bbox 543 536 585 584; x_wconf 89' lang='lat' dir='ltr'>tibi</span> <span class='ocrx_word' id='word_1_8' title='bbox 594 538 655 594; x_wconf 85' lang='lat' dir='ltr'>sint,</span> <span class='ocrx_word' id='word_1_9' title='bbox 666 548 690 582; x_wconf 85' lang='lat' dir='ltr'>et</span> <span class='ocrx_word' id='word_1_10' title='bbox 698 535 767 582; x_wconf 86' lang='lat' dir='ltr'>amici</span> <span class='ocrx_word' id='word_1_11' title='bbox 778 566 786 592; x_wconf 89' lang='lat'><strong>‚</strong></span> 
     </span>
     <span class='ocr_line' id='line_1_3' title="bbox 296 616 790 682; baseline -0.004 -19"><span class='ocrx_word' id='word_1_12' title='bbox 296 619 360 664; x_wconf 86' lang='lat' dir='ltr'>Dum</span> <span class='ocrx_word' id='word_1_13' title='bbox 370 616 412 664; x_wconf 85' lang='lat' dir='ltr'>tibi</span> <span class='ocrx_word' id='word_1_14' title='bbox 420 628 532 682; x_wconf 77' lang='lat' dir='ltr'>cognatus</span> <span class='ocrx_word' id='word_1_15' title='bbox 539 618 584 662; x_wconf 85' lang='lat' dir='ltr'>sini</span> <span class='ocrx_word' id='word_1_16' title='bbox 595 616 631 663; x_wconf 81' lang='lat' dir='ltr'>vel</span> <span class='ocrx_word' id='word_1_17' title='bbox 640 616 728 662; x_wconf 77' lang='lat' dir='ltr'>amiens</span> <span class='ocrx_word' id='word_1_18' title='bbox 737 630 790 679; x_wconf 86' lang='lat' dir='ltr'>ogo.</span> 
     </span>
     <span class='ocr_line' id='line_1_4' title="bbox 476 698 639 746; baseline -0.006 -4"><span class='ocrx_word' id='word_1_19' title='bbox 476 699 498 742; x_wconf 89' lang='lat' dir='ltr'>X</span> <span class='ocrx_word' id='word_1_20' title='bbox 514 698 572 746; x_wconf 84' lang='lat' dir='ltr'>XV</span> <span class='ocrx_word' id='word_1_21' title='bbox 590 699 601 742; x_wconf 92' lang='lat' dir='ltr'>I</span> <span class='ocrx_word' id='word_1_22' title='bbox 617 699 639 742; x_wconf 92' lang='lat' dir='ltr'>l.</span> 
     </span>
     <span class='ocr_line' id='line_1_5' title="bbox 382 776 726 838; baseline 0 -18"><span class='ocrx_word' id='word_1_23' title='bbox 382 778 497 823; x_wconf 78' lang='lat' dir='ltr'>Historia</span> <span class='ocrx_word' id='word_1_24' title='bbox 507 776 584 836; x_wconf 81' lang='lat' dir='ltr'>liujus</span> <span class='ocrx_word' id='word_1_25' title='bbox 597 779 726 838; x_wconf 75' lang='lat' dir='ltr'>emporis.</span> 
     </span>
     <span class='ocr_line' id='line_1_6' title="bbox 233 852 828 913; baseline -0.005 -10"><span class='ocrx_word' id='word_1_26' title='bbox 233 854 283 903; x_wconf 75' lang='lat' dir='ltr'>Lex</span> <span class='ocrx_word' id='word_1_27' title='bbox 293 854 335 902; x_wconf 85' lang='lat' dir='ltr'>fnit</span> <span class='ocrx_word' id='word_1_28' title='bbox 343 854 449 903; x_wconf 74' lang='lat' dir='ltr'>historiae</span> <span class='ocrx_word' id='word_1_29' title='bbox 460 868 526 903; x_wconf 83' lang='lat' dir='ltr'>vetus</span> <span class='ocrx_word' id='word_1_30' title='bbox 535 855 599 913; x_wconf 80' lang='lat' dir='ltr'>haec,</span> <span class='ocrx_word' id='word_1_31' title='bbox 614 871 644 901; x_wconf 87' lang='lat' dir='ltr'>ne</span> <span class='ocrx_word' id='word_1_32' title='bbox 654 854 733 901; x_wconf 90' lang='lat' dir='ltr'>dicere</span> <span class='ocrx_word' id='word_1_33' title='bbox 742 852 828 901; x_wconf 72' lang='lat' dir='ltr'>falsum</span> 
     </span>
     <span class='ocr_line' id='line_1_7' title="bbox 295 934 767 992; baseline 0 -10"><span class='ocrx_word' id='word_1_34' title='bbox 295 936 399 992; x_wconf 76' lang='lat' dir='ltr'>dudoni,</span> <span class='ocrx_word' id='word_1_35' title='bbox 411 948 435 982; x_wconf 79' lang='lat' dir='ltr'>et</span> <span class='ocrx_word' id='word_1_36' title='bbox 444 952 525 982; x_wconf 82' lang='lat' dir='ltr'>verum</span> <span class='ocrx_word' id='word_1_37' title='bbox 537 934 613 982; x_wconf 79' lang='lat' dir='ltr'>dicere</span> <span class='ocrx_word' id='word_1_38' title='bbox 622 951 651 982; x_wconf 88' lang='lat' dir='ltr'>ne</span> <span class='ocrx_word' id='word_1_39' title='bbox 660 947 750 982; x_wconf 83' lang='lat' dir='ltr'>metunt</span> <span class='ocrx_word' id='word_1_40' title='bbox 760 951 767 982; x_wconf 72' lang='grc' dir='ltr'><strong>ε</strong></span> 
     </span>
     <span class='ocr_line' id='line_1_8' title="bbox 233 1014 805 1073; baseline -0.002 -11"><span class='ocrx_word' id='word_1_41' title='bbox 233 1015 294 1064; x_wconf 85' lang='lat' dir='ltr'>Haec</span> <span class='ocrx_word' id='word_1_42' title='bbox 304 1030 338 1062; x_wconf 86' lang='lat' dir='ltr'>est</span> <span class='ocrx_word' id='word_1_43' title='bbox 349 1016 454 1062; x_wconf 81' lang='lat' dir='ltr'>liistoriae</span> <span class='ocrx_word' id='word_1_44' title='bbox 463 1031 524 1061; x_wconf 76' lang='lat' dir='ltr'>nova</span> <span class='ocrx_word' id='word_1_45' title='bbox 534 1014 586 1073; x_wconf 85' lang='lat' dir='ltr'>lex,</span> <span class='ocrx_word' id='word_1_46' title='bbox 597 1032 627 1061; x_wconf 85' lang='lat' dir='ltr'>ne</span> <span class='ocrx_word' id='word_1_47' title='bbox 638 1015 713 1062; x_wconf 88' lang='lat' dir='ltr'>dicere</span> <span class='ocrx_word' id='word_1_48' title='bbox 723 1030 805 1061; x_wconf 78' lang='lat' dir='ltr'>verum</span> 
     </span>
     <span class='ocr_line' id='line_1_9' title="bbox 293 1095 764 1154; baseline 0.002 -12"><span class='ocrx_word' id='word_1_49' title='bbox 293 1096 398 1154; x_wconf 78' lang='lat' dir='ltr'>Audeat,</span> <span class='ocrx_word' id='word_1_50' title='bbox 411 1108 435 1143; x_wconf 89' lang='lat' dir='ltr'>et</span> <span class='ocrx_word' id='word_1_51' title='bbox 444 1096 529 1142; x_wconf 75' lang='lat' dir='ltr'>falsum</span> <span class='ocrx_word' id='word_1_52' title='bbox 542 1095 619 1142; x_wconf 86' lang='lat' dir='ltr'>dicere</span> <span class='ocrx_word' id='word_1_53' title='bbox 628 1112 657 1141; x_wconf 89' lang='lat' dir='ltr'>ne</span> <span class='ocrx_word' id='word_1_54' title='bbox 667 1106 764 1143; x_wconf 81' lang='lat' dir='ltr'>metunt.</span> 
     </span>
     <span class='ocr_line' id='line_1_10' title="bbox 470 1177 663 1225; baseline 0 -4"><span class='ocrx_word' id='word_1_55' title='bbox 470 1177 492 1221; x_wconf 85' lang='lat' dir='ltr'>X</span> <span class='ocrx_word' id='word_1_56' title='bbox 507 1177 529 1221; x_wconf 86' lang='lat' dir='ltr'>X</span> <span class='ocrx_word' id='word_1_57' title='bbox 544 1177 568 1225; x_wconf 78' lang='lat' dir='ltr'>V</span> <span class='ocrx_word' id='word_1_58' title='bbox 585 1179 597 1221; x_wconf 89' lang='grc' dir='ltr'><strong>Ι</strong></span> <span class='ocrx_word' id='word_1_59' title='bbox 612 1178 626 1222; x_wconf 89' lang='lat'>1</span> <span class='ocrx_word' id='word_1_60' title='bbox 641 1178 663 1221; x_wconf 91' lang='lat' dir='ltr'>I.</span> 
     </span>
     <span class='ocr_line' id='line_1_11' title="bbox 462 1257 656 1319; baseline -0.005 -18"><span class='ocrx_word' id='word_1_61' title='bbox 462 1258 517 1303; x_wconf 87' lang='lat' dir='ltr'>Dos</span> <span class='ocrx_word' id='word_1_62' title='bbox 519 1257 656 1319; x_wconf 81' lang='lat' dir='ltr'>formosae.</span> 
     </span>
     <span class='ocr_line' id='line_1_12' title="bbox 231 1331 873 1392; baseline -0.006 -11"><span class='ocrx_word' id='word_1_63' title='bbox 231 1334 370 1381; x_wconf 76' lang='lat' dir='ltr'>Formosam</span> <span class='ocrx_word' id='word_1_64' title='bbox 378 1332 466 1381; x_wconf 79' lang='lat' dir='ltr'>nudam</span> <span class='ocrx_word' id='word_1_65' title='bbox 478 1335 532 1381; x_wconf 80' lang='lat' dir='ltr'>voio</span> <span class='ocrx_word' id='word_1_66' title='bbox 542 1369 549 1392; x_wconf 92' lang='lat'>,</span> <span class='ocrx_word' id='word_1_67' title='bbox 558 1335 644 1382; x_wconf 85' lang='lat' dir='ltr'>nudam</span> <span class='ocrx_word' id='word_1_68' title='bbox 653 1351 700 1381; x_wconf 91' lang='lat' dir='ltr'>non</span> <span class='ocrx_word' id='word_1_69' title='bbox 712 1332 767 1380; x_wconf 82' lang='lat' dir='ltr'>volo</span> <span class='ocrx_word' id='word_1_70' title='bbox 776 1331 873 1387; x_wconf 76' lang='lat' dir='ltr'>formant</span> 
     </span>
     <span class='ocr_line' id='line_1_13' title="bbox 293 1413 842 1479; baseline 0 -20"><span class='ocrx_word' id='word_1_71' title='bbox 293 1415 401 1475; x_wconf 80' lang='lat' dir='ltr'>Qnaeris,</span> <span class='ocrx_word' id='word_1_72' title='bbox 413 1429 467 1460; x_wconf 88' lang='lat' dir='ltr'>cnm</span> <span class='ocrx_word' id='word_1_73' title='bbox 478 1413 553 1460; x_wconf 76' lang='lat' dir='ltr'>forins</span> <span class='ocrx_word' id='word_1_74' title='bbox 565 1414 621 1479; x_wconf 86' lang='lat' dir='ltr'>quid</span> <span class='ocrx_word' id='word_1_75' title='bbox 631 1415 702 1462; x_wconf 66' lang='lat' dir='ltr'>volo?</span> <span class='ocrx_word' id='word_1_76' title='bbox 712 1413 842 1460; x_wconf 78' lang='lat' dir='ltr'>materiam.</span> 
     </span>
     <span class='ocr_line' id='line_1_14' title="bbox 495 1494 627 1541; baseline 0.023 -3"><span class='ocrx_word' id='word_1_77' title='bbox 495 1494 517 1538; x_wconf 90' lang='lat' dir='ltr'>X</span> <span class='ocrx_word' id='word_1_78' title='bbox 533 1495 555 1539; x_wconf 82' lang='lat' dir='ltr'>X</span> <span class='ocrx_word' id='word_1_79' title='bbox 570 1498 582 1540; x_wconf 92' lang='lat'><strong>1</strong></span> <span class='ocrx_word' id='word_1_80' title='bbox 598 1496 627 1541; x_wconf 90' lang='lat' dir='ltr'>X.</span> 
     </span>
     <span class='ocr_line' id='line_1_15' title="bbox 461 1574 655 1637; baseline 0.005 -18"><span class='ocrx_word' id='word_1_81' title='bbox 461 1574 538 1636; x_wconf 79' lang='lat' dir='ltr'>Virgo</span> <span class='ocrx_word' id='word_1_82' title='bbox 546 1576 655 1637; x_wconf 78' lang='lat' dir='ltr'>gallica.</span> 
     </span>
     <span class='ocr_line' id='line_1_16' title="bbox 233 1648 832 1717; baseline 0.003 -20"><span class='ocrx_word' id='word_1_83' title='bbox 233 1648 322 1697; x_wconf 76' lang='lat' dir='ltr'>Gallica</span> <span class='ocrx_word' id='word_1_84' title='bbox 333 1650 450 1714; x_wconf 79' lang='lat' dir='ltr'>virginitas</span> <span class='ocrx_word' id='word_1_85' title='bbox 460 1668 585 1714; x_wconf 80' lang='lat' dir='ltr'>parvarum</span> <span class='ocrx_word' id='word_1_86' title='bbox 594 1666 630 1700; x_wconf 84' lang='lat' dir='ltr'>est</span> <span class='ocrx_word' id='word_1_87' title='bbox 639 1653 734 1717; x_wconf 81' lang='lat' dir='ltr'>propria</span> <span class='ocrx_word' id='word_1_88' title='bbox 743 1651 816 1699; x_wconf 81' lang='lat' dir='ltr'>virtus</span> <span class='ocrx_word' id='word_1_89' title='bbox 825 1667 832 1699; x_wconf 84' lang='lat' dir='ltr'>t</span> 
     </span>
     <span class='ocr_line' id='line_1_17' title="bbox 295 1730 801 1798; baseline 0.004 -21"><span class='ocrx_word' id='word_1_90' title='bbox 295 1730 396 1795; x_wconf 79' lang='lat' dir='ltr'>Virginis</span> <span class='ocrx_word' id='word_1_91' title='bbox 405 1730 445 1777; x_wconf 87' lang='lat' dir='ltr'>hic</span> <span class='ocrx_word' id='word_1_92' title='bbox 456 1732 548 1779; x_wconf 86' lang='lat' dir='ltr'>titulum</span> <span class='ocrx_word' id='word_1_93' title='bbox 559 1734 611 1780; x_wconf 84' lang='lat' dir='ltr'>sola</span> <span class='ocrx_word' id='word_1_94' title='bbox 620 1734 631 1757; x_wconf 88' lang='lat'>*</span> <span class='ocrx_word' id='word_1_95' title='bbox 641 1731 726 1798; x_wconf 74' lang='lat' dir='ltr'>pusilla</span> <span class='ocrx_word' id='word_1_96' title='bbox 735 1733 801 1798; x_wconf 80' lang='lat' dir='ltr'>gerit.</span> 
     </span>
     <span class='ocr_line' id='line_1_18' title="bbox 259 1817 637 1874; baseline 0.013 -16"><span class='ocrx_word' id='word_1_97' title='bbox 259 1817 272 1843; x_wconf 85' lang='lat'>*</span> <span class='ocrx_word' id='word_1_98' title='bbox 282 1818 381 1859; x_wconf 76' lang='lat' dir='ltr'>Pucsiu</span> <span class='ocrx_word' id='word_1_99' title='bbox 393 1820 444 1860; x_wconf 84' lang='lat' dir='ltr'>Gaiii</span> <span class='ocrx_word' id='word_1_100' title='bbox 453 1821 548 1874; x_wconf 80' lang='lat' dir='ltr'>virginem</span> <span class='ocrx_word' id='word_1_101' title='bbox 560 1833 637 1863; x_wconf 81' lang='lat' dir='ltr'>vocent.</span> 
     </span>
     <span class='ocr_line' id='line_1_19' title="bbox 459 1892 660 1956; baseline 0.015 -19"><span class='ocrx_word' id='word_1_102' title='bbox 459 1892 537 1955; x_wconf 73' lang='lat' dir='ltr'>Virgo</span> <span class='ocrx_word' id='word_1_103' title='bbox 547 1896 660 1956; x_wconf 74' lang='lat' dir='ltr'>aiiglica.</span> 
     </span>
     <span class='ocr_line' id='line_1_20' title="bbox 232 1966 768 2036; baseline 0.004 -20"><span class='ocrx_word' id='word_1_104' title='bbox 232 1968 269 2016; x_wconf 83' lang='lat' dir='ltr'>Ne</span> <span class='ocrx_word' id='word_1_105' title='bbox 281 1966 337 2033; x_wconf 89' lang='lat' dir='ltr'>quid</span> <span class='ocrx_word' id='word_1_106' title='bbox 346 1968 427 2015; x_wconf 77' lang='lat' dir='ltr'>vicinis</span> <span class='ocrx_word' id='word_1_107' title='bbox 438 1973 577 2017; x_wconf 81' lang='lat' dir='ltr'>concesserit</span> <span class='ocrx_word' id='word_1_108' title='bbox 587 1972 667 2036; x_wconf 80' lang='lat' dir='ltr'>Angiia</span> <span class='ocrx_word' id='word_1_109' title='bbox 677 1971 749 2019; x_wconf 78' lang='lat' dir='ltr'>Gallis</span> <span class='ocrx_word' id='word_1_110' title='bbox 761 2003 768 2029; x_wconf 87' lang='lat'><strong>,</strong></span> 
     </span>
     <span class='ocr_line' id='line_1_21' title="bbox 292 2047 871 2116; baseline 0.007 -20"><span class='ocrx_word' id='word_1_111' title='bbox 292 2047 388 2113; x_wconf 80' lang='lat' dir='ltr'>Angiica</span> <span class='ocrx_word' id='word_1_112' title='bbox 397 2065 497 2114; x_wconf 76' lang='lat' dir='ltr'>quaeque</span> <span class='ocrx_word' id='word_1_113' title='bbox 507 2049 555 2097; x_wconf 87' lang='lat' dir='ltr'>fere</span> <span class='ocrx_word' id='word_1_114' title='bbox 565 2053 631 2116; x_wconf 81' lang='lat' dir='ltr'>virgo</span> <span class='ocrx_word' id='word_1_115' title='bbox 640 2051 743 2100; x_wconf 83' lang='lat' dir='ltr'>Platonis</span> <span class='ocrx_word' id='word_1_116' title='bbox 752 2052 826 2101; x_wconf 87' lang='lat' dir='ltr'>homo</span> <span class='ocrx_word' id='word_1_117' title='bbox 835 2062 871 2100; x_wconf 76' lang='lat' dir='ltr'>ost</span> 
     </span>
     <span class='ocr_line' id='line_1_22' title="bbox 506 2132 612 2179; baseline 0.028 -3"><span class='ocrx_word' id='word_1_118' title='bbox 506 2132 528 2176; x_wconf 97' lang='lat' dir='ltr'>X</span> <span class='ocrx_word' id='word_1_119' title='bbox 545 2133 567 2177; x_wconf 90' lang='lat' dir='ltr'>X</span> <span class='ocrx_word' id='word_1_120' title='bbox 582 2133 612 2179; x_wconf 90' lang='lat' dir='ltr'>X.</span> 
     </span>
     <span class='ocr_line' id='line_1_23' title="bbox 424 2211 690 2259; baseline 0.015 -5"><span class='ocrx_word' id='word_1_121' title='bbox 424 2211 580 2258; x_wconf 76' lang='lat' dir='ltr'>innobilem</span> <span class='ocrx_word' id='word_1_122' title='bbox 590 2228 690 2259; x_wconf 79' lang='lat' dir='ltr'>novum.</span> 
     </span>
     <span class='ocr_line' id='line_1_24' title="bbox 231 2289 812 2355; baseline 0.005 -19"><span class='ocrx_word' id='word_1_123' title='bbox 231 2289 311 2337; x_wconf 71' lang='lat' dir='ltr'>Mater</span> <span class='ocrx_word' id='word_1_124' title='bbox 322 2301 372 2337; x_wconf 85' lang='lat' dir='ltr'>ernt</span> <span class='ocrx_word' id='word_1_125' title='bbox 381 2293 470 2346; x_wconf 85' lang='lat' dir='ltr'>netrix,</span> <span class='ocrx_word' id='word_1_126' title='bbox 483 2305 550 2355; x_wconf 84' lang='lat' dir='ltr'>pater</span> <span class='ocrx_word' id='word_1_127' title='bbox 561 2294 584 2338; x_wconf 89' lang='lat' dir='ltr'>in</span> <span class='ocrx_word' id='word_1_128' title='bbox 596 2308 660 2338; x_wconf 83' lang='lat' dir='ltr'>mare</span> <span class='ocrx_word' id='word_1_129' title='bbox 672 2292 729 2338; x_wconf 82' lang='lat' dir='ltr'>retia</span> <span class='ocrx_word' id='word_1_130' title='bbox 738 2292 793 2354; x_wconf 87' lang='lat' dir='ltr'>jecit</span> <span class='ocrx_word' id='word_1_131' title='bbox 804 2309 812 2340; x_wconf 79' lang='lat' dir='ltr'>t</span> 
     </span>
     <span class='ocr_line' id='line_1_25' title="bbox 293 2369 776 2436; baseline 0.008 -20"><span class='ocrx_word' id='word_1_132' title='bbox 293 2369 353 2417; x_wconf 90' lang='lat' dir='ltr'>Inde</span> <span class='ocrx_word' id='word_1_133' title='bbox 362 2383 429 2418; x_wconf 90' lang='lat' dir='ltr'>tunm</span> <span class='ocrx_word' id='word_1_134' title='bbox 438 2371 531 2420; x_wconf 78' lang='lat' dir='ltr'>decorat</span> <span class='ocrx_word' id='word_1_135' title='bbox 542 2372 603 2419; x_wconf 79' lang='lat' dir='ltr'>linea</span> <span class='ocrx_word' id='word_1_136' title='bbox 613 2373 685 2436; x_wconf 80' lang='lat' dir='ltr'>ionga</span> <span class='ocrx_word' id='word_1_137' title='bbox 695 2388 776 2436; x_wconf 80' lang='lat' dir='ltr'>genus.</span> 
     </span>
     <span class='ocr_line' id='line_1_26' title="bbox 497 2455 628 2500; baseline 0.008 -1"><span class='ocrx_word' id='word_1_138' title='bbox 497 2455 519 2499; x_wconf 94' lang='lat' dir='ltr'>X</span> <span class='ocrx_word' id='word_1_139' title='bbox 534 2455 556 2499; x_wconf 88' lang='lat' dir='ltr'>X</span> <span class='ocrx_word' id='word_1_140' title='bbox 572 2455 593 2500; x_wconf 90' lang='lat' dir='ltr'>X</span> <span class='ocrx_word' id='word_1_141' title='bbox 609 2458 628 2500; x_wconf 88' lang='lat' dir='ltr'>L</span> 
     </span>
     <span class='ocr_line' id='line_1_27' title="bbox 305 2518 783 2597; baseline 0.006 -20"><span class='ocrx_word' id='word_1_142' title='bbox 305 2518 309 2526; x_wconf 39' lang='grc' dir='ltr'>Ι</span> <span class='ocrx_word' id='word_1_143' title='bbox 324 2535 462 2596; x_wconf 80' lang='lat' dir='ltr'>AEnigma</span> <span class='ocrx_word' id='word_1_144' title='bbox 473 2535 615 2597; x_wconf 74' lang='lat' dir='ltr'>Penelopes</span> <span class='ocrx_word' id='word_1_145' title='bbox 625 2534 783 2596; x_wconf 79' lang='lat' dir='ltr'>adprocum.</span> 
     </span>
     <span class='ocr_line' id='line_1_28' title="bbox 230 2609 869 2676; baseline 0.008 -19"><span class='ocrx_word' id='word_1_146' title='bbox 230 2611 274 2657; x_wconf 83' lang='lat' dir='ltr'>Est</span> <span class='ocrx_word' id='word_1_147' title='bbox 285 2609 296 2633; x_wconf 82' lang='lat'>¹¹</span> <span class='ocrx_word' id='word_1_148' title='bbox 307 2610 419 2675; x_wconf 83' lang='lat' dir='ltr'>quiddam</span> <span class='ocrx_word' id='word_1_149' title='bbox 428 2612 491 2676; x_wconf 89' lang='lat' dir='ltr'>qnod</span> <span class='ocrx_word' id='word_1_150' title='bbox 502 2628 561 2674; x_wconf 86' lang='lat' dir='ltr'>pene</span> <span class='ocrx_word' id='word_1_151' title='bbox 570 2611 634 2660; x_wconf 77' lang='lat' dir='ltr'>nefas</span> <span class='ocrx_word' id='word_1_152' title='bbox 645 2612 703 2659; x_wconf 88' lang='lat' dir='ltr'>mihi</span> <span class='ocrx_word' id='word_1_153' title='bbox 714 2612 791 2660; x_wconf 84' lang='lat' dir='ltr'>dicere</span> <span class='ocrx_word' id='word_1_154' title='bbox 801 2628 869 2662; x_wconf 77' lang='lat' dir='ltr'>versu</span> 
     </span>
     <span class='ocr_line' id='line_1_29' title="bbox 293 2690 779 2753; baseline 0.008 -17"><span class='ocrx_word' id='word_1_155' title='bbox 293 2691 347 2736; x_wconf 84' lang='lat' dir='ltr'>Hoc</span> <span class='ocrx_word' id='word_1_156' title='bbox 356 2690 398 2739; x_wconf 87' lang='lat' dir='ltr'>tibi</span> <span class='ocrx_word' id='word_1_157' title='bbox 408 2693 442 2744; x_wconf 78' lang='lat' dir='ltr'>sis</span> <span class='ocrx_word' id='word_1_158' title='bbox 452 2704 545 2751; x_wconf 83' lang='lat' dir='ltr'>totuin,</span> <span class='ocrx_word' id='word_1_159' title='bbox 557 2692 699 2753; x_wconf 73' lang='lat' dir='ltr'>Pontiiiane,</span> <span class='ocrx_word' id='word_1_160' title='bbox 711 2691 760 2740; x_wconf 82' lang='lat' dir='ltr'>deri</span> <span class='ocrx_word' id='word_1_161' title='bbox 771 2709 779 2740; x_wconf 73' lang='lat' dir='ltr'>e</span> 
     </span>
     <span class='ocr_line' id='line_1_30' title="bbox 233 2774 360 2830; baseline 0.016 -14"><span class='ocrx_word' id='word_1_162' title='bbox 233 2774 360 2830; x_wconf 60' lang='lat' dir='ltr'>munium.</span> 
     </span>
    </p>
   </div>
   <div class='ocr_carea' id='block_1_3' title="bbox 0 0 1110 3575">
    <p class='ocr_par' dir='ltr' id='par_1_3' title="bbox 0 0 1110 3575">
     <span class='ocr_line' id='line_1_31' title="bbox 0 0 1110 3575; baseline 0 1"><span class='ocrx_word' id='word_1_163' title='bbox 0 0 1110 3575; x_wconf 95' lang='lat' dir='ltr'> </span> 
     </span>
    </p>
   </div>
  </div>
 </body>
</html>
