2209 3575
236 443 523 496 urrunnun.
550 446 619 480 uss.
646 447 691 480 rx.
743 432 790 490 267

395 533 419 580 X
434 534 453 578 L
469 534 481 577 1
497 532 527 578 X.

396 612 520 659 Christus.

159 673 309 740 Vmitinhunc
319 692 449 751 mundum,
461 691 521 739 vidit
531 691 654 751 mortalia,
667 703 770 741 mortem
809 686 811 691 ’

203 769 276 833 Vicit,
289 784 314 820 et
325 770 356 819 sd
367 787 464 836 superos
479 773 503 818 in
512 786 553 819 sua
563 787 634 837 regna
644 770 711 819 redit.

448 852 475 898 L.

172 920 212 974 'Ad
222 932 392 978 Guillelmum
409 931 582 989 camdenum,
602 947 704 994 magnae
713 931 766 977 Bri·

223 1013 322 1057 tanniae
340 1013 528 1057 illustratorem
547 1012 702 1056 maximum.

152 1075 215 1135 herta
223 1106 281 1154 pene
290 1091 339 1138 suis
349 1088 507 1137 obliviscenda
517 1091 630 1136 Britannis
641 1122 649 1147 ,

201 1170 258 1217 Mox
267 1171 290 1216 in
301 1169 400 1217 hethaeos
408 1168 577 1233 praecipitanda
588 1166 668 1225 lacus,

150 1236 194 1295 Ηοο
203 1250 254 1306 tibi,
270 1250 335 1315 quod
344 1261 466 1314 superest,
479 1250 614 1307 camdeno,
626 1248 742 1295 Britannia
752 1246 834 1311 dehet3

200 1330 235 1376 Tu
244 1345 340 1394 quoque
345 1362 353 1391 ,
364 1327 421 1380 dum
430 1341 538 1393 superest
546 1328 586 1376 itta
591 1361 599 1387 ,
610 1338 727 1393 superstet
736 1328 790 1377 eris.

435 1410 454 1454 L
470 1411 492 1455 1.

347 1487 396 1538 Ad
408 1490 580 1553 Perpennam.

144 1556 183 1615 Est
191 1567 232 1617 tibi
239 1567 343 1626 lunatae,
354 1571 489 1631 Perpenna,
502 1569 647 1633 parenthesis
658 1569 745 1629 instar,

198 1652 263 1697 Inter
274 1662 364 1695 eornm
372 1644 437 1695 frons
449 1666 455 1696 ε
469 1647 527 1695 dura
536 1648 683 1712 parenthesis
692 1648 752 1695 lraee.

140 1716 200 1776 ¹lura
208 1728 346 1777 metathesis
356 1726 408 1775 haec
420 1746 428 1775 t
441 1745 501 1776 uxor
512 1740 550 1775 tua
561 1727 657 1795 prodiga
668 1728 759 1790 carnis,

198 1813 262 1860 Tota
274 1811 373 1872 ‘ephoth
388 1821 465 1858 totum
477 1823 499 1858 te
511 1809 566 1859 facit
575 1827 626 1859 esse
636 1811 648 1834 *
659 1812 728 1864 κίεις.

274 1891 288 1918 *
302 1893 363 1932 earo.
643 1892 656 1919 *
670 1893 746 1933 Cornu.

421 1963 441 2010 L
457 1965 470 2010 1
487 1966 508 2010 L

323 2043 365 2090 De
378 2045 452 2090 vitiis
463 2056 491 2091 et
499 2044 604 2091 divitiis.

135 2114 218 2173 Nemo
229 2124 357 2172 hominum
367 2123 424 2171 vivit
432 2125 481 2171 sine
490 2124 589 2171 crimine
595 2157 603 2181 ,
614 2124 663 2171 sire
672 2136 783 2169 crumena
795 2135 804 2171 t

198 2205 303 2252 Crimine
313 2218 367 2251 tara
377 2218 420 2251 suo
429 2204 498 2268 plena
507 2217 619 2250 crumena
629 2214 700 2250 caret.

409 2286 430 2331 L
446 2288 458 2330 l
473 2288 485 2330 I
501 2286 521 2333 I.

272 2365 369 2412 Mortt‘s
379 2375 407 2411 et
416 2366 522 2412 macelli
530 2365 660 2427 apologia.

140 2443 210 2494 Mors
217 2444 264 2492 nisi
272 2455 386 2492 mactaret
393 2446 504 2507 juvenes,
515 2443 618 2508 laniique
626 2445 752 2505 juvencos,

203 2524 290 2574 Omnia
300 2523 427 2575 stultorum
436 2524 505 2590 plene
513 2523 633 2591 boumque
643 2521 730 2580 forent,
