2209 3575
243 249 289 298 26⁸
386 259 550 294 sossius
579 260 753 295 annosas

524 328 613 377 LIV.

371 407 395 452 E
398 422 433 453 voe
444 419 470 454 ec
480 408 641 470 Proserpinae
650 408 765 453 collatio.

242 488 316 535 Eram
327 483 412 533 delusit
426 502 536 549 serpens,
549 487 689 549 Proserpina
702 488 764 533 Ditis

304 566 379 628 Capta
388 564 459 623 dolo,
471 582 530 613 vana
538 582 580 628 spe
593 566 716 629 specieque
728 564 791 614 boni.

241 646 305 692 Exiit
314 648 361 692 Eva
372 661 454 708 parens
465 645 573 708 paradiso
585 679 592 701 ‚
605 646 661 692 curi
670 647 725 709 quia
736 645 824 693 malum

302 726 374 785 Edit;
388 738 411 772 at
423 726 447 771 iu
461 725 524 772 malo
537 727 621 773 nesciit
632 740 683 771 esse
692 725 792 771 malum.

243 804 339 853 Inferno
351 807 453 864 exisset,
467 805 557 853 malum
566 805 704 867 Proserpina
715 806 794 851 sinon

305 886 397 933 EdIsset
407 920 414 945 ,
428 887 492 933 taciti
501 888 578 933 nescia
589 886 653 949 virgo
663 884 728 933 mali.

240 967 288 1017 Era
299 966 342 1013 lirit
352 967 435 1012 mortis
445 998 452 1023 ‚
463 967 601 1029 Proserpina
611 964 691 1028 praeda
700 964 804 1012 Plutonis
815 980 823 1025 ς

304 1046 348 1091 Illa
357 1045 401 1091 fuit
410 1046 477 1092 Jovse
487 1044 551 1104 lilia,
565 1057 589 1093 et
598 1046 642 1092 ista
652 1046 724 1094 Jovis.
788 1073 790 1077 =

241 1124 348 1186 Utraque
357 1126 459 1187 gustavit
469 1127 581 1183 vetitum,
593 1141 721 1190 poenasque
732 1124 843 1188 pependit
853 1139 861 1173 z

304 1204 365 1250 Haec
373 1202 455 1262 flores,
464 1203 553 1252 fructus
563 1204 619 1252 dum
628 1205 744 1271 legitilla,
754 1206 822 1269 perit.

536 1286 555 1329 L
572 1285 605 1333 V.

378 1361 531 1425 Astrologus
547 1375 574 1410 et
586 1363 757 1428 geographus.

242 1438 357 1490 Dividitur
368 1451 429 1487 totus
440 1456 482 1488 vos
491 1443 551 1489 inter
562 1444 678 1489 maximus
689 1442 753 1490 orbis
763 1459 771 1502 ς

303 1521 396 1573 Caelum
405 1534 441 1569 est
449 1522 574 1587 astrologi,
587 1536 691 1587 terraque
701 1523 835 1589 geographi.

519 1604 538 1648 L
558 1604 580 1649 V
596 1605 616 1649 Ι.

305 1680 352 1732 Ad
368 1682 517 1738 Fanniam,
538 1682 672 1741 nobilem,
691 1682 831 1745 pulchram

504 1772 530 1808 et
543 1778 693 1825 pauperem.

241 1841 350 1892 Indotata
362 1842 413 1890 viro
423 1840 533 1904 locupleti
544 1841 631 1888 nubere
641 1843 740 1905 quaeris,

303 1922 409 1971 Fannial
421 1935 543 1986 paupertas
555 1923 620 1971 irrita
631 1935 686 1971 vota
696 1922 760 1970 iacit.

241 2005 278 2051 sis
288 2017 340 2050 orru
350 2018 463 2067 generosa
472 2001 541 2059 licet,
552 2002 703 2064 speciosaque
712 2001 792 2061 vultu,

304 2083 416 2131 Sordidus
427 2095 533 2130 externas
543 2082 617 2130 ambit
627 2095 718 2129 amator
728 2098 794 2146 opes.

240 2164 318 2210 Prlrna
328 2165 455 2227 categorias
468 2164 529 2210 irrter
541 2161 671 2210 substantia
681 2163 732 2210 sola

303 2242 357 2295 Plus
365 2246 389 2289 in
397 2259 477 2291 amore
486 2255 580 2307 potest,
592 2258 662 2306 quam
672 2259 745 2307 genus
755 2255 780 2291 et
789 2243 885 2308 species..

293 2315 297 2321 ‘
507 2325 527 2371 L
542 2324 564 2372 v
579 2325 592 2370 1
608 2325 628 2368 1.

480 2405 651 2450 Conscientia.

240 2484 272 2537 Iu
282 2480 358 2531 verbis
367 2498 427 2528 nunc
437 2481 510 2529 haeret
518 2497 599 2541 amor,
614 2500 661 2529 non
672 2481 740 2529 rebus
750 2495 777 2530 ut
786 2483 861 2533 olim:

303 2543 413 2599 leuditur
421 2561 435 2591 a
444 2561 512 2594 sensu
516 2578 525 2611 ,
536 2561 584 2593 non
594 2547 698 2606 ratione,
710 2545 779 2598 fiaes.
