2209 3575
265 401 313 450 oss
408 408 578 446 soum
601 408 777 448 Annon!

508 497 530 543 L
544 496 568 544 X
581 496 604 544 X
618 498 632 544 l
645 495 672 547 V·

296 577 330 624 In
347 575 475 641 Quintum
493 578 658 640 flaminum,
679 578 785 624 tertium
805 574 885 641 patris

536 658 638 718 filium·

265 737 319 787 Una
329 736 389 785 duos
400 748 490 788 tantum
501 752 580 785 tomos
589 736 657 801 quasi
666 737 783 801 germinat
792 735 877 798 arbor,

328 818 419 866 Dividis
427 820 451 865 in
461 829 540 882 partes
553 818 633 864 omnia
643 828 693 865 tota
701 816 768 864 duas.

265 898 293 947 oi
302 914 382 947 rerum
391 898 457 946 fieret
465 897 549 947 divisio
559 913 660 964 quaeque
670 897 810 946 bimembris
819 930 827 957 ‚

325 982 369 1027 Est
380 991 419 1027 tus
430 979 460 1026 de
470 979 552 1043 patriis
561 994 614 1043 pars
626 992 713 1044 quota,
725 981 828 1042 Quinto,
837 973 912 1027 bonos

522 1060 541 1106 L
558 1060 581 1106 X
595 1061 618 1106 X
634 1059 660 1110 V.

348 1140 435 1189 Arma
445 1139 596 1205 Cupidinis,
606 1154 683 1187 arcus
692 1152 720 1188 et
727 1139 835 1188 calami.

265 1219 350 1269 Nudus
361 1220 433 1267 Amor
442 1235 484 1266 cur
493 1216 617 1266 offensivis
626 1220 699 1267 utitur
709 1220 797 1278 armis,

327 1301 382 1347 Non
392 1298 532 1348 defensivisi
541 1300 622 1346 omnia
631 1299 705 1347 vincit
715 1299 796 1346 Amor.

508 1379 527 1425 L
543 1375 566 1424 X
580 1379 604 1425 X
617 1378 641 1430 V
656 1381 678 1426 Ι.

313 1458 355 1503 De
362 1472 439 1519 prosa
449 1468 476 1503 et
483 1459 594 1505 astricta
605 1462 722 1505 oratione
730 1458 874 1523 problema.

266 1539 316 1588 Cur
324 1540 414 1585 vinctus
424 1536 527 1584 velocior
535 1549 572 1585 est
581 1554 652 1602 quam
663 1553 742 1585 sermo
752 1536 862 1585 solutus}

329 1621 378 1666 Iste
385 1615 456 1681 pedes
465 1632 543 1666 sermo
553 1632 603 1663 non
613 1616 685 1663 habet
694 1646 701 1675 ,
711 1616 770 1665 alter
779 1616 859 1665 habet.

494 1696 514 1742 L
531 1698 556 1743 X
571 1697 593 1741 X
608 1696 630 1744 V
646 1698 659 1742 1
676 1698 696 1742 Ι.

542 1776 651 1824 Caelum.

266 1857 377 1908 Numinis
387 1855 497 1904 immensi
506 1856 574 1904 sedes
584 1857 729 1922 amplissima
738 1858 841 1918 coelum;

330 1939 497 2003 Omni-potens
506 1933 623 1986 Dominus
634 1955 640 1998 3
653 1941 859 2006 omni-patensque
867 1934 946 1986 domm·

483 2018 503 2063 L
519 2018 541 2063 X
557 2019 579 2063 X
593 2018 616 2067 V
630 2019 642 2064 1
658 2020 706 2066 11.

484 2097 577 2162 A'pciov
586 2097 627 2162 pir
638 2097 706 2163 ὔδωρ.

267 2179 336 2229 Unde
343 2192 496 2228 renascuntur
504 2178 616 2227 mortales
626 2211 633 2238 ,
645 2178 708 2227 unda
717 2192 829 2241 vocatum

328 2262 349 2308 Α
359 2277 406 2327 qua
416 2273 542 2309 nascuntur
551 2271 648 2319 cuncta,
659 2273 757 2309 vocatur
766 2277 834 2327 aquo.

510 2343 529 2387 L
545 2341 568 2385 X
584 2341 606 2385 X
621 2344 633 2386 1
649 2342 679 2389 X.

518 2423 554 2467 Su
566 2423 661 2484 Scipio.

268 2500 296 2548 A
305 2501 478 2565 nestofbooees
491 2423 512 2639 Ξ
564 2505 661 2568 Scipio.
669 2421 691 2638 ξ
699 2502 908 2568 Pyxidumtrias.

602 2588 658 2633 Pio.

267 2661 315 2708 Pro
323 2661 396 2724 panis
406 2661 556 2728 patribusque
565 2666 627 2712 mori
635 2663 769 2729 populoque
778 2663 851 2714 latino
860 2694 868 2725 .

322 2738 401 2791 Corde
411 2742 537 2808 animoque
546 2748 586 2810 pio
597 2747 676 2810 Scipio
686 2747 798 2810 suscipio.
819 2778 823 2787 ·
