<?xml version="1.0" encoding="UTF-8"?>
<!DOCTYPE html PUBLIC "-//W3C//DTD XHTML 1.0 Transitional//EN"
    "http://www.w3.org/TR/xhtml1/DTD/xhtml1-transitional.dtd">
<html xmlns="http://www.w3.org/1999/xhtml" xml:lang="en" lang="en">
 <head>
  <title>
</title>
<meta http-equiv="Content-Type" content="text/html;charset=utf-8" />
  <meta name='ocr-system' content='tesseract 3.04.00' />
  <meta name='ocr-capabilities' content='ocr_page ocr_carea ocr_par ocr_line ocrx_word'/>
</head>
<body>
  <div class='ocr_page' id='page_1' title='image "./joannisaudoenic00verigoog_0125.png"; bbox 0 0 2209 3575; ppageno 0'>
   <div class='ocr_carea' id='block_1_1' title="bbox 266 426 857 486">
    <p class='ocr_par' dir='ltr' id='par_1_1' title="bbox 266 426 857 486">
     <span class='ocr_line' id='line_1_1' title="bbox 266 426 857 486; baseline 0 -15"><span class='ocrx_word' id='word_1_1' title='bbox 266 481 269 486; x_wconf 23' lang='lat'><strong><em>³</em></strong></span> <span class='ocrx_word' id='word_1_2' title='bbox 312 436 596 471; x_wconf 71' lang='lat' dir='ltr'><em>mannum.</em></span> <span class='ocrx_word' id='word_1_3' title='bbox 623 434 695 471; x_wconf 77' lang='lat' dir='ltr'><em>m.</em></span> <span class='ocrx_word' id='word_1_4' title='bbox 724 440 748 470; x_wconf 80' lang='lat' dir='ltr'><em>x.</em></span> <span class='ocrx_word' id='word_1_5' title='bbox 803 426 857 481; x_wconf 64' lang='grc'><em>487</em></span> 
     </span>
    </p>
   </div>
   <div class='ocr_carea' id='block_1_2' title="bbox 214 522 866 2502">
    <p class='ocr_par' dir='ltr' id='par_1_2' title="bbox 475 522 595 567">
     <span class='ocr_line' id='line_1_2' title="bbox 475 522 595 567; baseline -0.008 0"><span class='ocrx_word' id='word_1_6' title='bbox 475 522 498 566; x_wconf 89' lang='lat' dir='ltr'>X</span> <span class='ocrx_word' id='word_1_7' title='bbox 512 523 532 567; x_wconf 91' lang='lat' dir='ltr'>L</span> <span class='ocrx_word' id='word_1_8' title='bbox 547 524 559 567; x_wconf 93' lang='lat'>1</span> <span class='ocrx_word' id='word_1_9' title='bbox 576 522 595 566; x_wconf 93' lang='lat'><em>1.</em></span> 
     </span>
    </p>

    <p class='ocr_par' dir='ltr' id='par_1_3' title="bbox 215 599 861 824">
     <span class='ocr_line' id='line_1_3' title="bbox 215 599 861 659; baseline -0.006 -10"><span class='ocrx_word' id='word_1_10' title='bbox 215 600 259 649; x_wconf 73' lang='lat' dir='ltr'><em>Ad</em></span> <span class='ocrx_word' id='word_1_11' title='bbox 268 602 395 648; x_wconf 81' lang='lat' dir='ltr'><em>Jonnnem</em></span> <span class='ocrx_word' id='word_1_12' title='bbox 412 603 567 659; x_wconf 85' lang='lat' dir='ltr'><em>Williams,</em></span> <span class='ocrx_word' id='word_1_13' title='bbox 585 599 861 647; x_wconf 75' lang='lat' dir='ltr'><em>cambra-britannum</em></span> 
     </span>
     <span class='ocr_line' id='line_1_4' title="bbox 247 681 815 745; baseline 0.002 -18"><span class='ocrx_word' id='word_1_14' title='bbox 247 721 249 727; x_wconf 94' lang='lat'>.</span> <span class='ocrx_word' id='word_1_15' title='bbox 272 686 459 739; x_wconf 71' lang='lat' dir='ltr'><em>oxoniensem,</em></span> <span class='ocrx_word' id='word_1_16' title='bbox 478 681 649 745; x_wconf 76' lang='lat' dir='ltr'><em>theologum,</em></span> <span class='ocrx_word' id='word_1_17' title='bbox 668 681 815 738; x_wconf 74' lang='lat' dir='ltr'><em>decanum,</em></span> 
     </span>
     <span class='ocr_line' id='line_1_5' title="bbox 349 761 722 824; baseline 0 -17"><span class='ocrx_word' id='word_1_18' title='bbox 349 762 455 824; x_wconf 78' lang='lat' dir='ltr'><em>collegii</em></span> <span class='ocrx_word' id='word_1_19' title='bbox 469 763 530 807; x_wconf 77' lang='lat' dir='ltr'><em>Iesu</em></span> <span class='ocrx_word' id='word_1_20' title='bbox 539 761 722 823; x_wconf 78' lang='lat' dir='ltr'><em>principalem.</em></span> 
     </span>
    </p>

    <p class='ocr_par' dir='ltr' id='par_1_4' title="bbox 214 841 846 1046">
     <span class='ocr_line' id='line_1_6' title="bbox 214 841 800 905; baseline -0.01 -14"><span class='ocrx_word' id='word_1_21' title='bbox 214 841 323 894; x_wconf 69' lang='lat' dir='ltr'><strong>Scrutaris</strong></span> <span class='ocrx_word' id='word_1_22' title='bbox 337 852 361 888; x_wconf 83' lang='lat' dir='ltr'><em>tu</em></span> <span class='ocrx_word' id='word_1_23' title='bbox 375 842 500 905; x_wconf 74' lang='lat' dir='ltr'><strong>scripturas</strong></span> <span class='ocrx_word' id='word_1_24' title='bbox 513 851 649 904; x_wconf 81' lang='lat' dir='ltr'><strong>veteresque</strong></span> <span class='ocrx_word' id='word_1_25' title='bbox 660 854 779 903; x_wconf 80' lang='lat' dir='ltr'><em>novasque</em></span> <span class='ocrx_word' id='word_1_26' title='bbox 793 856 800 885; x_wconf 72' lang='grc' dir='ltr'><strong>ι</strong></span> 
     </span>
     <span class='ocr_line' id='line_1_7' title="bbox 270 917 846 985; baseline -0.005 -17"><span class='ocrx_word' id='word_1_27' title='bbox 270 922 343 968; x_wconf 75' lang='lat' dir='ltr'><em>lanus</em></span> <span class='ocrx_word' id='word_1_28' title='bbox 355 936 379 968; x_wconf 84' lang='lat' dir='ltr'><em>es</em></span> <span class='ocrx_word' id='word_1_29' title='bbox 390 937 397 979; x_wconf 69' lang='grc' dir='ltr'><strong>ς</strong></span> <span class='ocrx_word' id='word_1_30' title='bbox 412 936 427 967; x_wconf 82' lang='lat' dir='ltr'>a</span> <span class='ocrx_word' id='word_1_31' title='bbox 443 932 509 985; x_wconf 78' lang='lat' dir='ltr'>tergo</span> <span class='ocrx_word' id='word_1_32' title='bbox 523 918 578 984; x_wconf 82' lang='lat' dir='ltr'><strong>quid</strong></span> <span class='ocrx_word' id='word_1_33' title='bbox 591 921 638 977; x_wconf 81' lang='lat' dir='ltr'>sit,</span> <span class='ocrx_word' id='word_1_34' title='bbox 651 931 674 966; x_wconf 83' lang='lat' dir='ltr'><em>et</em></span> <span class='ocrx_word' id='word_1_35' title='bbox 688 931 741 966; x_wconf 77' lang='lat' dir='ltr'><em>ante</em></span> <span class='ocrx_word' id='word_1_36' title='bbox 749 949 759 977; x_wconf 80' lang='lat'>‚</span> <span class='ocrx_word' id='word_1_37' title='bbox 773 917 846 965; x_wconf 79' lang='lat' dir='ltr'>vides.</span> 
     </span>
     <span class='ocr_line' id='line_1_8' title="bbox 467 1000 615 1046; baseline 0.007 -2"><span class='ocrx_word' id='word_1_38' title='bbox 467 1001 489 1044; x_wconf 98' lang='lat' dir='ltr'>X</span> <span class='ocrx_word' id='word_1_39' title='bbox 503 1000 522 1045; x_wconf 89' lang='lat' dir='ltr'>L</span> <span class='ocrx_word' id='word_1_40' title='bbox 537 1002 549 1045; x_wconf 95' lang='grc' dir='ltr'>Ι</span> <span class='ocrx_word' id='word_1_41' title='bbox 566 1001 578 1045; x_wconf 91' lang='grc'>1</span> <span class='ocrx_word' id='word_1_42' title='bbox 594 1001 615 1046; x_wconf 91' lang='lat'><em>1.</em></span> 
     </span>
    </p>

    <p class='ocr_par' dir='ltr' id='par_1_5' title="bbox 214 1077 864 1463">
     <span class='ocr_line' id='line_1_9' title="bbox 214 1077 864 1137; baseline -0.009 -9"><span class='ocrx_word' id='word_1_43' title='bbox 214 1080 258 1128; x_wconf 79' lang='lat' dir='ltr'><em>Ad</em></span> <span class='ocrx_word' id='word_1_44' title='bbox 267 1081 396 1128; x_wconf 73' lang='lat' dir='ltr'><em>loannem</em></span> <span class='ocrx_word' id='word_1_45' title='bbox 419 1081 573 1137; x_wconf 80' lang='lat' dir='ltr'><em>Williams,</em></span> <span class='ocrx_word' id='word_1_46' title='bbox 593 1077 864 1125; x_wconf 75' lang='lat' dir='ltr'><em>cambra-britannum</em></span> 
     </span>
     <span class='ocr_line' id='line_1_10' title="bbox 248 1158 824 1223; baseline -0.007 -18"><span class='ocrx_word' id='word_1_47' title='bbox 248 1159 494 1223; x_wconf 78' lang='lat' dir='ltr'><em>cantabrigiensem‚</em></span> <span class='ocrx_word' id='word_1_48' title='bbox 505 1158 669 1221; x_wconf 78' lang='lat' dir='ltr'><em>theologum,</em></span> <span class='ocrx_word' id='word_1_49' title='bbox 681 1168 707 1203; x_wconf 84' lang='lat' dir='ltr'><em>ee</em></span> <span class='ocrx_word' id='word_1_50' title='bbox 716 1158 824 1220; x_wconf 78' lang='lat' dir='ltr'><em>collegii</em></span> 
     </span>
     <span class='ocr_line' id='line_1_11' title="bbox 349 1238 724 1292; baseline -0.013 -6"><span class='ocrx_word' id='word_1_51' title='bbox 349 1242 375 1286; x_wconf 85' lang='lat' dir='ltr'><em>S.</em></span> <span class='ocrx_word' id='word_1_52' title='bbox 389 1240 499 1285; x_wconf 76' lang='lat' dir='ltr'><em>Ioannis</em></span> <span class='ocrx_word' id='word_1_53' title='bbox 518 1240 634 1292; x_wconf 74' lang='lat' dir='ltr'><em>socium,</em></span> <span class='ocrx_word' id='word_1_54' title='bbox 658 1238 724 1282; x_wconf 77' lang='lat'>1612.</span> 
     </span>
     <span class='ocr_line' id='line_1_12' title="bbox 215 1314 827 1383; baseline 0 -20"><span class='ocrx_word' id='word_1_55' title='bbox 215 1317 351 1383; x_wconf 65' lang='lat' dir='ltr'><em>Ingeniosa,</em></span> <span class='ocrx_word' id='word_1_56' title='bbox 365 1330 445 1377; x_wconf 84' lang='lat' dir='ltr'><strong>tuum,</strong></span> <span class='ocrx_word' id='word_1_57' title='bbox 458 1319 547 1380; x_wconf 76' lang='lat' dir='ltr'><em>juvenis</em></span> <span class='ocrx_word' id='word_1_58' title='bbox 557 1349 564 1375; x_wconf 88' lang='lat'><strong><em>‚</em></strong></span> <span class='ocrx_word' id='word_1_59' title='bbox 574 1332 604 1363; x_wconf 79' lang='lat' dir='ltr'><em>ne</em></span> <span class='ocrx_word' id='word_1_60' title='bbox 613 1314 688 1363; x_wconf 78' lang='lat' dir='ltr'>conde</span> <span class='ocrx_word' id='word_1_61' title='bbox 698 1314 809 1363; x_wconf 82' lang='lat' dir='ltr'><strong>talentum</strong></span> <span class='ocrx_word' id='word_1_62' title='bbox 819 1329 827 1363; x_wconf 70' lang='grc' dir='ltr'>ι</span> 
     </span>
     <span class='ocr_line' id='line_1_13' title="bbox 273 1395 788 1463; baseline -0.008 -16"><span class='ocrx_word' id='word_1_63' title='bbox 273 1398 430 1447; x_wconf 73' lang='lat' dir='ltr'><strong>cumbrorum</strong></span> <span class='ocrx_word' id='word_1_64' title='bbox 442 1415 482 1463; x_wconf 78' lang='lat' dir='ltr'><em>per</em></span> <span class='ocrx_word' id='word_1_65' title='bbox 493 1410 514 1445; x_wconf 76' lang='lat' dir='ltr'><em>te</em></span> <span class='ocrx_word' id='word_1_66' title='bbox 524 1395 696 1461; x_wconf 75' lang='lat' dir='ltr'><em>perpetuandus</em></span> <span class='ocrx_word' id='word_1_67' title='bbox 705 1396 788 1443; x_wconf 87' lang='lat' dir='ltr'>honor.</span> 
     </span>
    </p>

    <p class='ocr_par' dir='ltr' id='par_1_6' title="bbox 477 1478 610 1527">
     <span class='ocr_line' id='line_1_14' title="bbox 477 1478 610 1527; baseline 0 -4"><span class='ocrx_word' id='word_1_68' title='bbox 477 1478 498 1523; x_wconf 90' lang='lat' dir='ltr'>X</span> <span class='ocrx_word' id='word_1_69' title='bbox 514 1479 534 1523; x_wconf 91' lang='lat' dir='ltr'>L</span> <span class='ocrx_word' id='word_1_70' title='bbox 549 1479 563 1523; x_wconf 89' lang='lat'>1</span> <span class='ocrx_word' id='word_1_71' title='bbox 579 1478 610 1527; x_wconf 84' lang='lat' dir='ltr'><em>V.</em></span> 
     </span>
    </p>

    <p class='ocr_par' dir='ltr' id='par_1_7' title="bbox 216 1556 866 1700">
     <span class='ocr_line' id='line_1_15' title="bbox 216 1556 866 1616; baseline 0.002 -13"><span class='ocrx_word' id='word_1_72' title='bbox 216 1556 259 1604; x_wconf 78' lang='lat' dir='ltr'><em>Ad</em></span> <span class='ocrx_word' id='word_1_73' title='bbox 271 1559 402 1606; x_wconf 77' lang='lat' dir='ltr'><em>Ioannem</em></span> <span class='ocrx_word' id='word_1_74' title='bbox 422 1560 582 1616; x_wconf 79' lang='lat' dir='ltr'><em>Williams,</em></span> <span class='ocrx_word' id='word_1_75' title='bbox 599 1556 866 1605; x_wconf 78' lang='lat' dir='ltr'><em>cambra-britannum</em></span> 
     </span>
     <span class='ocr_line' id='line_1_16' title="bbox 319 1637 757 1700; baseline 0 -17"><span class='ocrx_word' id='word_1_76' title='bbox 319 1637 512 1695; x_wconf 78' lang='lat' dir='ltr'><em>londinensem,</em></span> <span class='ocrx_word' id='word_1_77' title='bbox 529 1639 596 1700; x_wconf 78' lang='lat' dir='ltr'><em>regis</em></span> <span class='ocrx_word' id='word_1_78' title='bbox 612 1637 757 1696; x_wconf 81' lang='lat' dir='ltr'><strong><em>aurificem.</em></strong></span> 
     </span>
    </p>

    <p class='ocr_par' dir='ltr' id='par_1_8' title="bbox 218 1714 858 2502">
     <span class='ocr_line' id='line_1_17' title="bbox 218 1714 744 1781; baseline -0.004 -19"><span class='ocrx_word' id='word_1_79' title='bbox 218 1714 288 1766; x_wconf 70' lang='lat' dir='ltr'>civile</span> <span class='ocrx_word' id='word_1_80' title='bbox 299 1717 419 1781; x_wconf 85' lang='lat' dir='ltr'><em>ingenium</em></span> <span class='ocrx_word' id='word_1_81' title='bbox 429 1715 551 1780; x_wconf 78' lang='lat' dir='ltr'><strong>plusquam</strong></span> <span class='ocrx_word' id='word_1_82' title='bbox 561 1714 628 1763; x_wconf 80' lang='lat' dir='ltr'>civile</span> <span class='ocrx_word' id='word_1_83' title='bbox 638 1714 744 1773; x_wconf 76' lang='lat' dir='ltr'><strong>videtur,</strong></span> 
     </span>
     <span class='ocr_line' id='line_1_18' title="bbox 274 1794 817 1860; baseline -0.006 -15"><span class='ocrx_word' id='word_1_84' title='bbox 274 1797 350 1856; x_wconf 77' lang='lat' dir='ltr'><em>June,</em></span> <span class='ocrx_word' id='word_1_85' title='bbox 363 1808 443 1857; x_wconf 85' lang='lat' dir='ltr'><strong>tuum;</strong></span> <span class='ocrx_word' id='word_1_86' title='bbox 455 1795 507 1860; x_wconf 84' lang='lat' dir='ltr'><strong>plus</strong></span> <span class='ocrx_word' id='word_1_87' title='bbox 518 1831 526 1853; x_wconf 89' lang='lat'><em>‚</em></span> <span class='ocrx_word' id='word_1_88' title='bbox 539 1811 578 1842; x_wconf 88' lang='lat' dir='ltr'><em>me</em></span> <span class='ocrx_word' id='word_1_89' title='bbox 588 1794 678 1858; x_wconf 74' lang='lat' dir='ltr'><strong>judice,</strong></span> <span class='ocrx_word' id='word_1_90' title='bbox 688 1794 738 1845; x_wconf 80' lang='lat' dir='ltr'>cive</span> <span class='ocrx_word' id='word_1_91' title='bbox 748 1794 817 1859; x_wconf 72' lang='lat' dir='ltr'><strong>sapiu.</strong></span> 
     </span>
     <span class='ocr_line' id='line_1_19' title="bbox 488 1876 593 1923; baseline -0.01 0"><span class='ocrx_word' id='word_1_92' title='bbox 488 1879 511 1923; x_wconf 91' lang='lat' dir='ltr'>X</span> <span class='ocrx_word' id='word_1_93' title='bbox 526 1878 546 1922; x_wconf 90' lang='lat' dir='ltr'>L</span> <span class='ocrx_word' id='word_1_94' title='bbox 562 1876 593 1923; x_wconf 88' lang='lat' dir='ltr'><em>V.</em></span> 
     </span>
     <span class='ocr_line' id='line_1_20' title="bbox 455 1955 626 2004; baseline -0.012 0"><span class='ocrx_word' id='word_1_95' title='bbox 455 1955 502 2004; x_wconf 83' lang='lat' dir='ltr'><em>Ad</em></span> <span class='ocrx_word' id='word_1_96' title='bbox 514 1955 626 2003; x_wconf 83' lang='lat' dir='ltr'><em>eosdem.</em></span> 
     </span>
     <span class='ocr_line' id='line_1_21' title="bbox 219 2033 806 2101; baseline -0.005 -19"><span class='ocrx_word' id='word_1_97' title='bbox 219 2035 274 2084; x_wconf 67' lang='lat' dir='ltr'><em>Tres</em></span> <span class='ocrx_word' id='word_1_98' title='bbox 284 2035 343 2084; x_wconf 81' lang='lat' dir='ltr'>mihi</span> <span class='ocrx_word' id='word_1_99' title='bbox 351 2035 461 2101; x_wconf 80' lang='lat' dir='ltr'><em>cognati,</em></span> <span class='ocrx_word' id='word_1_100' title='bbox 474 2035 534 2082; x_wconf 88' lang='lat' dir='ltr'>mihi</span> <span class='ocrx_word' id='word_1_101' title='bbox 544 2051 587 2082; x_wconf 77' lang='lat' dir='ltr'><em>vos</em></span> <span class='ocrx_word' id='word_1_102' title='bbox 599 2048 646 2082; x_wconf 78' lang='lat' dir='ltr'>tres</span> <span class='ocrx_word' id='word_1_103' title='bbox 657 2034 712 2082; x_wconf 75' lang='lat' dir='ltr'>estis</span> <span class='ocrx_word' id='word_1_104' title='bbox 723 2033 806 2092; x_wconf 63' lang='lat' dir='ltr'><em>anien</em></span> 
     </span>
     <span class='ocr_line' id='line_1_22' title="bbox 277 2113 846 2178; baseline -0.007 -15"><span class='ocrx_word' id='word_1_105' title='bbox 277 2117 338 2164; x_wconf 74' lang='lat' dir='ltr'><em>Tres</em></span> <span class='ocrx_word' id='word_1_106' title='bbox 350 2117 420 2175; x_wconf 76' lang='lat' dir='ltr'>lani,</span> <span class='ocrx_word' id='word_1_107' title='bbox 431 2127 507 2164; x_wconf 82' lang='lat' dir='ltr'>vester</span> <span class='ocrx_word' id='word_1_108' title='bbox 516 2131 568 2162; x_wconf 79' lang='lat' dir='ltr'><em>sum</em></span> <span class='ocrx_word' id='word_1_109' title='bbox 579 2128 672 2178; x_wconf 81' lang='lat' dir='ltr'><strong>quoque</strong></span> <span class='ocrx_word' id='word_1_110' title='bbox 681 2113 754 2160; x_wconf 80' lang='lat' dir='ltr'><strong>Jauuu</strong></span> <span class='ocrx_word' id='word_1_111' title='bbox 764 2125 819 2175; x_wconf 80' lang='lat' dir='ltr'><strong>ego.</strong></span> <span class='ocrx_word' id='word_1_112' title='bbox 842 2155 846 2163; x_wconf 93' lang='grc'>,</span> 
     </span>
     <span class='ocr_line' id='line_1_23' title="bbox 474 2196 604 2244; baseline -0.023 -2"><span class='ocrx_word' id='word_1_113' title='bbox 474 2198 497 2242; x_wconf 95' lang='lat' dir='ltr'>X</span> <span class='ocrx_word' id='word_1_114' title='bbox 512 2197 532 2241; x_wconf 98' lang='lat' dir='ltr'>L</span> <span class='ocrx_word' id='word_1_115' title='bbox 548 2196 569 2244; x_wconf 84' lang='lat' dir='ltr'>V</span> <span class='ocrx_word' id='word_1_116' title='bbox 586 2197 604 2240; x_wconf 90' lang='lat'><em>1.</em></span> 
     </span>
     <span class='ocr_line' id='line_1_24' title="bbox 429 2276 654 2324; baseline -0.022 0"><span class='ocrx_word' id='word_1_117' title='bbox 429 2278 456 2324; x_wconf 90' lang='lat' dir='ltr'><em>A</em></span> <span class='ocrx_word' id='word_1_118' title='bbox 459 2278 478 2323; x_wconf 88' lang='lat' dir='ltr'><em>d</em></span> <span class='ocrx_word' id='word_1_119' title='bbox 492 2276 654 2324; x_wconf 81' lang='lat' dir='ltr'><em>creditorem.</em></span> 
     </span>
     <span class='ocr_line' id='line_1_25' title="bbox 221 2352 840 2421; baseline -0.003 -17"><span class='ocrx_word' id='word_1_120' title='bbox 221 2354 260 2404; x_wconf 79' lang='lat' dir='ltr'><em>Est</em></span> <span class='ocrx_word' id='word_1_121' title='bbox 270 2355 325 2414; x_wconf 74' lang='lat' dir='ltr'>tibi,</span> <span class='ocrx_word' id='word_1_122' title='bbox 335 2356 376 2421; x_wconf 77' lang='lat' dir='ltr'><em>qui</em></span> <span class='ocrx_word' id='word_1_123' title='bbox 387 2356 455 2405; x_wconf 77' lang='lat' dir='ltr'><strong>debet</strong></span> <span class='ocrx_word' id='word_1_124' title='bbox 467 2390 475 2415; x_wconf 89' lang='lat'>,</span> <span class='ocrx_word' id='word_1_125' title='bbox 487 2372 568 2404; x_wconf 82' lang='lat' dir='ltr'><strong>servus</strong></span> <span class='ocrx_word' id='word_1_126' title='bbox 579 2373 585 2413; x_wconf 88' lang='lat'>;</span> <span class='ocrx_word' id='word_1_127' title='bbox 596 2356 637 2419; x_wconf 86' lang='lat' dir='ltr'><em>qui</em></span> <span class='ocrx_word' id='word_1_128' title='bbox 645 2352 716 2401; x_wconf 72' lang='lat' dir='ltr'><strong>solvit</strong></span> <span class='ocrx_word' id='word_1_129' title='bbox 723 2387 731 2411; x_wconf 87' lang='lat'><em>,</em></span> <span class='ocrx_word' id='word_1_130' title='bbox 744 2352 840 2402; x_wconf 73' lang='lat' dir='ltr'><strong>amicus.</strong></span> 
     </span>
     <span class='ocr_line' id='line_1_26' title="bbox 278 2433 858 2502; baseline -0.009 -13"><span class='ocrx_word' id='word_1_131' title='bbox 278 2436 364 2489; x_wconf 78' lang='lat' dir='ltr'>Debita</span> <span class='ocrx_word' id='word_1_132' title='bbox 374 2439 413 2502; x_wconf 90' lang='lat' dir='ltr'><em>qui</em></span> <span class='ocrx_word' id='word_1_133' title='bbox 423 2454 472 2486; x_wconf 87' lang='lat' dir='ltr'><em>non</em></span> <span class='ocrx_word' id='word_1_134' title='bbox 482 2437 531 2487; x_wconf 82' lang='lat' dir='ltr'><strong>vult</strong></span> <span class='ocrx_word' id='word_1_135' title='bbox 541 2435 631 2488; x_wconf 75' lang='lat' dir='ltr'>solvere</span> <span class='ocrx_word' id='word_1_136' title='bbox 641 2467 648 2497; x_wconf 84' lang='lat'>‚</span> <span class='ocrx_word' id='word_1_137' title='bbox 657 2433 731 2499; x_wconf 68' lang='lat' dir='ltr'><strong>quid?</strong></span> <span class='ocrx_word' id='word_1_138' title='bbox 742 2433 858 2484; x_wconf 73' lang='lat' dir='ltr'><strong>domiuus.</strong></span> 
     </span>
    </p>
   </div>
   <div class='ocr_carea' id='block_1_3' title="bbox 0 0 1121 3575">
    <p class='ocr_par' dir='ltr' id='par_1_9' title="bbox 0 0 1121 3575">
     <span class='ocr_line' id='line_1_27' title="bbox 0 0 1121 3575; baseline 0 0"><span class='ocrx_word' id='word_1_139' title='bbox 0 0 1121 3575; x_wconf 95' lang='lat' dir='ltr'><em> </em></span> 
     </span>
    </p>
   </div>
  </div>
 </body>
</html>
