2209 3575
234 426 282 473 22⁶
378 435 544 475 renim
577 439 751 476 ,runem

500 509 519 553 L
536 507 558 551 X
576 510 588 552 l
605 509 624 553 1.

437 586 548 633 Saturni
558 598 609 633 tres
613 587 676 647 filii.

232 663 415 728 Nummiporens
425 664 604 726 musitanam,
615 668 656 731 qui
664 664 776 730 praesidet
786 680 861 716 ercet

294 734 528 811 Amnipotens'alten
542 748 624 794 tertius
636 748 795 811 omnipotens.

482 827 502 872 L
519 827 541 871 X
556 828 568 873 1
584 829 632 873 11.

368 908 454 953 Senex
457 908 582 968 juvenem
593 909 749 971 alloquitur.

232 986 275 1034 Est
283 1002 334 1033 mea
343 987 390 1036 vita
400 985 491 1046 brevis,
500 1002 543 1032 nec
552 998 658 1050 tempore
667 986 740 1049 longa
750 988 827 1035 futura
835 997 885 1036 est:

294 1069 337 1114 Eet
347 1078 387 1115 tua
394 1065 480 1131 leuga,
493 1064 557 1113 brevi
565 1066 605 1112 fiet
615 1078 639 1113 et
648 1064 689 1113 illa
698 1064 785 1116 brevis.

490 1148 510 1193 L
527 1148 623 1197 xlv.

492 1228 534 1275 De
548 1227 624 1277 libro.

233 1309 336 1356 Oxoniae
348 1306 436 1367 salsus,
446 1308 536 1370 juvenis
549 1319 614 1365 tum,
627 1322 694 1355 more
705 1319 815 1369 vetusto,

295 1388 473 1451 Wintoniaeque
483 1421 489 1446 ,
500 1404 558 1450 puer
570 1399 633 1447 tum,
645 1389 764 1451 piperatas
774 1406 848 1438 eram.

233 1468 258 1515 Si
268 1466 323 1533 quid
333 1467 394 1513 inest
402 1478 484 1514 nostro
494 1469 610 1531 piperisve
620 1469 705 1515 salisve
715 1467 814 1531 libello,

293 1548 430 1596 Oxonienee
438 1548 472 1595 sal
482 1561 530 1607 est,
537 1550 695 1598 'wintoniense
704 1550 780 1614 piper.

506 1630 526 1674 L
541 1630 563 1673 X
576 1630 606 1678 V.

261 1707 309 1756 Ad
319 1707 511 1766 Theo-dorum,
524 1707 699 1765 Deo-datum,
713 1707 855 1759 medicum.

230 1786 335 1836 Nomine
345 1801 370 1835 tu
378 1790 444 1853 graio
454 1786 595 1835 Theodorus
603 1803 627 1834 es
636 1800 706 1852 atque
714 1786 787 1835 latino
796 1806 804 1849 ς

292 1871 347 1918 Arte
359 1881 441 1932 potens
450 1871 462 1894 *
473 1869 567 1928 Phoebi,
580 1881 614 1916 ter
623 1868 764 1916 Theodorus
775 1870 831 1917 eris.

257 1948 270 1974 *
277 1949 379 1988 Medicum
386 1948 459 1988 creavit
468 1947 579 1989 akissimus.
589 1948 701 1988 Aliissimus
708 1949 781 1990 creavit
789 1950 815 1990 de
823 1958 874 1991 terr·

230 2028 382 2069 medicamenta.
397 2026 527 2068 Ecclesiastic.
541 2042 560 2067 c.
571 2026 612 2077 38,
624 2041 643 2068 v.
655 2039 663 2068 r
673 2057 679 2077 ,
690 2036 711 2081 4.

487 2108 507 2152 L
523 2108 546 2152 X
561 2109 583 2156 V
596 2109 618 2153 1.

460 2187 494 2233 In
516 2189 651 2249 Qru‘utum.

228 2269 242 2317 J
244 2267 326 2316 arandi
335 2267 436 2315 didicisti
445 2266 552 2314 adverbia
562 2279 675 2331 quartuor
684 2265 755 2323 oiim,

289 2352 352 2396 Tum
364 2365 435 2413 puer3
448 2359 471 2394 at
480 2362 544 2393 nunc
555 2349 591 2394 vir
600 2347 687 2407 millia,
699 2349 801 2409 Quinte,
813 2359 901 2413 quater.

385 2424 390 2433 '
475 2427 495 2472 L
512 2428 534 2473 X
549 2427 600 2476 VI
616 2428 635 2471 1.

445 2506 493 2554 Ad
500 2505 664 2552 iracundum.

228 2591 267 2638 Ira
276 2584 344 2633 cadat
354 2600 409 2632 eum
420 2585 482 2642 sole,
493 2598 517 2632 at
527 2602 576 2632 non
586 2602 642 2632 cum
651 2583 701 2632 sole
710 2596 835 2650 resurgat;

289 2670 386 2731 Semper
394 2682 449 2714 cum
458 2664 548 2715 Phoebo
558 2677 634 2715 currat
643 2664 673 2714 ad
681 2663 815 2730 antipodas.
