2209 3575
235 381 284 433 noo
358 393 545 433 soum
574 395 771 436 auom

514 484 537 530 X
552 484 565 529 1
578 483 609 534 V.

432 561 474 611 De
482 579 560 626 poena
572 575 599 611 et
607 564 694 627 culpa.

236 644 350 693 Doctores
360 653 454 707 peccata
463 643 524 689 inter
534 645 655 691 uon-entia
663 653 776 707 ponunt}

299 724 348 772 Cur
361 740 410 773 non
420 724 510 789 peccati
520 741 591 789 poena
602 726 632 773 sit
641 741 699 791 ergo
707 723 783 773 nihil?

528 806 551 851 X
570 804 604 855 V.

268 884 304 931 In
312 884 436 945 Mauros,
447 884 496 948 qni
504 886 611 948 angelos
621 887 720 950 nigros,
732 884 866 934 damonae

466 965 539 1013 albos
547 966 669 1029 pingunt.

238 1044 349 1093 innatum
359 1045 440 1111 nigror
448 1061 498 1093 non
509 1046 575 1093 exuit
584 1057 633 1092 arte
643 1045 762 1105 colorem,

301 1125 374 1173 Albus
381 1127 406 1173 in
415 1125 540 1175 adversum
551 1128 649 1174 vertitur
658 1139 708 1175 arte
720 1126 794 1176 color.

239 1207 312 1258 Posse
321 1218 409 1271 negant
417 1209 492 1256 nancti
500 1209 635 1273 resipiscere
645 1206 755 1256 daemona
763 1219 841 1272 patrer
852 1222 862 1254 e

301 1288 358 1339 Non
367 1299 405 1336 est
414 1303 472 1354 argo
480 1293 552 1338 Satan
563 1287 689 1352 candidus,
700 1288 739 1337 hic
748 1289 870 1354 uigerent.

520 1371 543 1415 X
559 1368 580 1417 V
595 1369 618 1415 1.

436 1447 625 1514 L'argentfnit
634 1459 700 1496 tout.

241 1526 311 1577 Unde
319 1526 345 1576 fit
355 1538 382 1574 ut
389 1528 490 1575 Francus
496 1563 504 1587 ,
515 1540 570 1593 pont
583 1540 633 1588 tot,
644 1540 700 1593 post
709 1526 772 1576 bella
783 1538 821 1576 tot
828 1524 932 1594 Anglru,

303 1610 398 1673 Integer
406 1606 502 1655 insolito
511 1620 594 1673 regnet
604 1619 702 1673 uterque
712 1606 783 1656 nolo?

243 1690 348 1739 Protexit
357 1704 468 1753 generosa
481 1699 547 1735 tuum
558 1700 581 1735 te
589 1690 688 1737 Francia
697 1700 803 1747 ocutum3

306 1768 433 1836 *Angelus
443 1779 479 1817 eat
488 1781 583 1830 cantor,
593 1770 678 1836 Anglia
688 1780 751 1832 tuta,
762 1780 826 1819 tuno.

268 1850 284 1879 ⁴
291 1851 346 1902 Ecu,
358 1847 437 1903 angelon
445 1878 451 1900 ,
460 1857 522 1890 sortes
530 1849 556 1890 de
565 1851 678 1891 monnoiea.

500 1932 523 1977 X
542 1933 566 1982 V
586 1934 600 1978 I
620 1933 642 1978 Ι.

404 2012 438 2058 In
447 2011 590 2075 quemdam
599 2013 737 2059 ebriosam.

244 2090 386 2140 Garrulitate
394 2090 454 2137 nihil
462 2092 523 2138 sicca
532 2089 672 2138 sitibundiuc
683 2107 689 2136 ε
701 2105 762 2147 uxor

305 2173 342 2220 Te
355 2183 395 2220 tua
403 2171 456 2237 plus
465 2171 586 2236 loquitur3
596 2189 637 2220 cur
648 2170 709 2220 bibit
717 2158 883 2237 ergaminuni

494 2253 518 2298 X
530 2253 553 2301 V
569 2254 582 2298 Ι
599 2252 612 2296 Ι
631 2252 650 2298 Ι.

315 2334 433 2396 Verona,
444 2333 600 2389 Placentia,
614 2343 641 2378 et
650 2332 832 2379 Beneventum.

490 2411 539 2460 Ad
544 2412 653 2458 Italum.

246 2489 342 2541 Verona
350 2488 536 2540 beneventanam
548 2507 603 2538 raro
613 2492 660 2539 itur
669 2488 698 2537 ad
708 2488 791 2538 urbem
802 2505 810 2536 ι

311 2573 368 2618 Esto
377 2571 536 2635 placentinus,
548 2584 574 2621 tu
583 2574 594 2600 *
604 2571 756 2624 benevenrna
765 2571 819 2619 eris.

274 2659 288 2707 ,θ
302 2659 417 2701 Benveuuto
426 2675 461 2716 per
471 2670 530 2702 tutto.
