2209 3575
298 433 594 489 asteaaraasara'.
620 452 689 486 aas.
714 453 758 486 ax.
806 440 858 497 273·

455 537 597 587 LXXV.

470 621 586 665 Novitas.

226 686 329 749 Qlaenova
336 708 405 756 snut,
413 713 462 744 nen
468 712 563 760 semper
569 708 636 744 erunt
644 710 715 754 neva3
724 695 786 743 nulla
792 692 917 765 placebunt

271 776 326 842 Ergo
336 778 376 824 diu
384 786 399 835 ‚'
406 778 457 825 sela
467 794 521 840 quae
532 778 637 824 novitate
647 776 747 839 placent.

224 844 267 898 lieu
276 857 320 904 sola
330 856 446 920 placuisse
454 858 524 922 igitur
535 859 638 904 novitate
649 855 768 917 videntur,

271 936 311 984 Sed
320 936 425 986 bonitate
433 954 475 985 sua
485 972 492 995 ‚
503 955 557 1001 quae
567 937 673 1001 placuere
683 936 731 984 diu.

442 1018 463 1063 L
479 1018 502 1062 X
516 1018 615 1066 XVI.

401 1099 487 1144 Homo
504 1114 557 1144 non
572 1096 658 1144 home.

222 1164 286 1237 Gignit
294 1177 355 1225 iners
364 1189 448 1223 natura
459 1176 581 1236 homines,
591 1175 665 1223 hemo
678 1174 783 1223 condidit
793 1187 854 1224 artes
864 1192 872 1223 a

270 1257 309 1303 Ars
320 1272 382 1320 opus
391 1268 427 1303 est
435 1256 539 1304 hominis
550 1289 557 1315 ‚
569 1271 617 1302 non
630 1271 688 1318 opus
698 1255 753 1303 artis
764 1255 845 1304 home.

221 1325 283 1383 lleme
291 1336 374 1385 ducem
384 1339 491 1402 sequitur
499 1350 606 1383 naturam
617 1354 624 1396 ς
637 1337 721 1384 aititur
730 1349 780 1383 arte
790 1354 797 1384 ε

268 1418 348 1467 Factus
357 1418 432 1466 homo
442 1429 479 1465 est
490 1418 568 1481 operis
578 1432 641 1463 nunc
652 1432 712 1481 epus
721 1405 825 1481 lpse'sui.

433 1498 453 1544 L
468 1498 489 1543 X
504 1497 526 1542 X
541 1497 563 1546 V
576 1499 589 1542 1
604 1497 623 1542 1.

411 1576 525 1624 Antores
541 1578 651 1638 peccati.

263 1659 294 1704 Ia
308 1659 551 1722 grammaer'eastros
562 1666 667 1702 autores
682 1671 805 1703 errorum.

218 1729 263 1783 lion
271 1737 344 1797 bene,
356 1737 522 1802 grammatici,
532 1732 673 1781 confunditis
683 1747 751 1783 autor
759 1748 783 1783 et
791 1748 871 1786 auctor
881 1754 889 1788 e

267 1817 411 1882 Pythagoras
421 1815 533 1881 quidquid
543 1815 647 1875 dixerat,
660 1816 725 1870 a'elic
736 1819 784 1872 lea.

216 1891 344 1956 Peccatum,
354 1894 436 1943 infelix
446 1895 571 1959 produxit,
582 1897 694 1960 originis,
705 1897 788 1960 arbon

266 1975 334 2024 Unde
344 1991 386 2039 per
396 1974 531 2038 exemplum
541 1976 624 2021 noxius
634 1974 683 2022 edit
694 1975 776 2023 Adam.

216 2053 298 2105 leucari
307 2072 403 2118 serpens
413 2068 493 2113 autor,
503 2055 551 2102 <lux
560 2055 657 2103 foemina
665 2056 720 2104 facti
730 2073 736 2102 a

268 2137 378 2186 Criminis
388 2148 457 2183 autor
466 2135 540 2182 Adam
550 2151 597 2182 non
609 2145 659 2181 erat
668 2152 675 2194 ς
686 2147 768 2183 auctor
777 2145 835 2184 erat.

195 2241 200 2276 1
428 2217 447 2263 L
464 2217 486 2262 X
500 2217 522 2262 X
538 2217 561 2264 V
576 2218 587 2261 Ι
603 2219 616 2262 1
632 2219 653 2262 I.

381 2297 564 2362 Anagramma
577 2296 683 2342 diaboli.

289 2377 430 2435 Διᾶζολῶι,
445 2379 501 2435 ela,
516 2378 609 2433 δόλΘυ,
626 2377 682 2433 vis,
689 2377 779 2437 fraus.

214 2457 309 2519 Circuit,
321 2473 346 2507 et
357 2474 465 2524 quaerens
477 2473 547 2522 quem
558 2456 670 2512 devoret,
682 2467 707 2501 ut
716 2454 753 2501 leo
763 2488 771 2513 ‚
782 2455 896 2532 daemon2

270 2542 381 2586 Errantes
392 2538 532 2595 animasti,
543 2536 716 2601 quasiventus,
727 2536 781 2598 agit»
893 2535 895 2539 ’

214 2619 306 2674 Instruit
315 2618 420 2667 occultas
431 2622 501 2670 Satan
511 2649 518 2676 ‚
530 2629 558 2663 nt
566 2614 701 2680 vulpecula,
713 2615 806 2666 fraudes
819 2624 836 2667 ι’

272 2703 339 2770 Ques
349 2701 374 2755 ai
382 2715 430 2750 nen
441 2699 518 2765 potuit
528 2695 641 2764 perdere,
650 2694 730 2748 fraude
739 2695 803 2751 ferit.
