2209 3575
230 437 278 496 att
376 450 541 487 rorum
572 448 741 487 tenorent

485 536 509 579 X
523 536 546 580 X
561 536 582 581 X
598 535 625 582 V.

409 617 540 680 Perfectt’o
550 617 613 679 Iegis
622 630 703 662 amora

228 695 265 743 Ex
275 695 310 743 brs
320 698 423 762 quinque
432 696 479 743 duo
488 698 627 760 prreoeptie,
642 712 702 760 eque
712 694 805 745 duobus
814 722 823 757 μ

293 779 373 824 Unum
382 789 488 834 serrato,
497 775 583 823 sufficit
590 775 649 823 illud
659 793 666 836 ς
677 792 740 825 ama.

468 858 491 902 X
506 858 528 901 X
543 858 566 902 X
579 857 603 906 V
617 859 637 903 1.

494 938 615 984 Deuotio.

228 1019 328 1067 Divitias
339 1017 396 1065 oleri
407 1018 497 1082 peperit
507 1016 602 1065 devotio
611 1014 693 1081 vulgi,

290 1102 437 1163 Degenerem
446 1097 538 1163 prolem
549 1096 666 1161 relligiosa
676 1112 770 1162 parens.

451 1178 475 1223 X
489 1179 512 1223 X
527 1178 549 1222 X
565 1178 586 1226 V
602 1180 614 1222 t
631 1180 653 1222 l.

431 1259 473 1305 De
486 1260 551 1304 coelo
567 1269 595 1304 et
608 1268 684 1304 terra.

228 1338 305 1386 Terra
313 1336 395 1383 oculos
404 1352 478 1401 prope
489 1349 538 1384 tota
547 1337 604 1383 latet
613 1369 619 1395 ,
630 1347 694 1399 patet
703 1334 806 1400 undique
814 1332 854 1383 coel

292 1418 399 1463 Humani
407 1419 498 1481 generis
509 1430 544 1475 te,
556 1430 629 1480 puto,
642 1429 702 1464 terra
712 1448 720 1475 ‚
731 1416 812 1480 pudet.

439 1497 462 1541 X
477 1498 499 1541 X
514 1498 537 1542 X
552 1498 575 1546 V
590 1499 603 1542 I
619 1501 632 1544 Ι
648 1499 669 1544 Ι.

292 1575 342 1622 Ad
354 1574 472 1634 Aulum,
490 1579 519 1621 in
533 1578 658 1635 Sextum,
670 1576 702 1623 de
716 1577 824 1638 Quinto.

229 1654 323 1705 Invidet
333 1691 341 1713 ,
352 1655 423 1715 Aule,
434 1656 493 1702 mihi
502 1659 597 1716 sextae
610 1658 737 1703 miseresco
747 1670 791 1717 ego
801 1659 854 1705 Sext

295 1737 400 1799 Quinto,
410 1738 452 1805 qui
460 1736 520 1783 mihi
528 1753 577 1783 non
587 1736 692 1798 invidet,
704 1735 809 1788 invideo.

478 1819 501 1863 X
516 1818 538 1862 X
553 1818 576 1862 X
591 1819 604 1862 Ι
619 1818 649 1862 Χ.
727 1838 730 1846 ’

234 1949 236 1954 Ι
458 1896 491 1943 In
503 1897 659 1942 Pollionem.

231 1976 326 2024 Deseris
339 1990 447 2036 uxorem3
461 1992 509 2041 quo
519 1978 570 2036 jure
580 1973 719 2043 relinquitur
727 1970 739 2022 i
747 1986 803 2022 ente

249 2083 254 2099 ι
295 2059 437 2122 conjugium
447 2057 550 2104 amultis
561 2069 620 2103 tacta
629 2054 757 2119 probatur,
768 2057 810 2104 ais.

230 2141 374 2203 Coniugium
380 2149 586 2201 prae-contractus,
595 2138 644 2184 scio
651 2169 657 2195 ,
664 2152 711 2182 non
719 2152 794 2202 nego,
803 2134 853 2184 ftan

294 2223 325 2267 At
333 2229 539 2284 prae-contactus,
552 2216 628 2265 Pollio
639 2249 646 2276 ,
656 2231 705 2264 non
714 2215 811 2264 dirimit.

527 2299 549 2342 X
565 2299 593 2343 L,

418 2381 501 2426 Merae
511 2381 594 2425 tricae,
609 2378 657 2425 Ad
668 2381 700 2426 N.

236 2461 294 2509 Erre
303 2475 379 2508 meras
390 2462 459 2507 tricas
468 2463 603 2508 meretrices
614 2492 622 2519 ,
631 2457 693 2506 haud
703 2446 764 2505 maie
773 2456 832 2504 dixti
841 2473 850 2505 r

294 2543 376 2588 scorta
389 2552 467 2587 tamen
479 2556 542 2588 rarat
551 2542 577 2587 in
585 2552 639 2588 cute
647 2538 734 2603 τρίχας
743 2537 842 2586 habent.
