2209 3575
241 445 532 484 monum.
559 450 627 483 m.
652 451 697 484 ιι.
751 438 799 500 3⁰7.
843 464 852 474 -

97 529 98 562 t
155 521 233 578 Mutat
243 535 311 581 toties
323 532 365 581 tibi
374 536 470 584 nomina
482 534 513 580 nil
525 550 584 599 opus
594 546 671 597 esset,

206 612 309 661 Mutares
318 628 396 662 moret
409 616 444 669 si,
455 614 572 678 Polydore
583 647 590 674 ‚
600 614 690 665 semel·

420 694 443 739 X
459 695 478 739 L
498 696 519 741 1.

270 773 320 821 Ad
332 773 473 837 quemdam
488 778 663 823 oxoniensem.

151 844 212 897 Haud
219 862 282 901 rocte
289 884 297 912 ,
305 853 411 899 Martiae
420 886 427 908 ‚
437 852 501 917 quod
510 864 562 900 actu
572 868 620 900 non
632 856 663 902 sit
671 852 796 901 honestum
805 886 814 914 ,

204 931 268 979 Utile
278 931 401 981 contendit
410 932 503 979 Tullius
514 948 566 981 esse
575 933 641 981 nihil.

150 1005 186 1057 Est
195 1026 272 1059 autem
282 1011 384 1074 jucunda
397 1011 452 1071 tibi,
462 1028 505 1060 nec
517 1012 604 1060 inutilis
618 1029 678 1060 uxor
687 1030 694 1072 ς

201 1093 316 1141 Doctores
326 1091 449 1147 dubitant.
460 1110 490 1140 an
499 1094 530 1141 sit
539 1094 654 1151 honesta,
666 1106 753 1142 tamen.

405 1174 428 1219 Χ
443 1175 462 1219 L
479 1175 491 1219 Ι
506 1175 528 1221 Ι.

358 1252 433 1298 Mars
445 1264 472 1299 ee
482 1255 576 1300 Venus.

147 1328 333 1396 Marsquondam
341 1332 559 1392 incoluitflomam,
571 1332 733 1397 Cythereaque
739 1333 859 1398 Cyprum

199 1413 227 1458 ln
236 1412 318 1479 Cypro
327 1428 389 1459 nunc
398 1426 435 1460 ett
443 1415 525 1470 Mars,
538 1426 562 1461 et
571 1416 595 1461 in
606 1413 662 1461 urbe
672 1415 761 1465 Venus·

387 1493 410 1538 X
425 1494 444 1538 L
460 1495 473 1539 1
489 1496 501 1539 1
517 1496 540 1540 Ι.

426 1574 510 1621 Sales.

144 1652 190 1700 Mel
201 1653 262 1701 torvi
271 1656 373 1701 Samson
384 1654 475 1701 invenit
483 1656 506 1701 in
519 1670 560 1701 ore
570 1654 645 1702 leonis
654 1673 661 1714 3

199 1736 230 1781 ln
242 1750 268 1782 se
279 1732 340 1781 salsa
349 1732 437 1798 aliquid
446 1735 480 1781 sic
489 1736 541 1797 joca
551 1734 628 1783 mellis
637 1734 733 1783 habent.

401 1816 424 1862 X
439 1817 458 1861 L
473 1817 485 1862 1
503 1817 532 1864 V.

288 1917 292 1926 ·
306 1893 431 1942 Sirsolm
445 1896 618 1942 wok-Latin.

141 1973 238 2022 loannes
248 1973 372 2039 quondam
381 1975 456 2021 caruit
466 1990 576 2023 sermone
585 1975 658 2024 latino
667 1992 676 2035 3
718 1979 720 1983 ’

196 2055 306 2114 Vestitu,
318 2054 400 2114 victu,
410 2070 472 2102 nnnc
482 2068 506 2102 et
514 2054 605 2103 honore
613 2066 684 2103 caret.
762 2084 765 2092 ·

469 2145 500 2184 Sit
508 2145 561 2185 John
571 2144 717 2198 Lacu-Living.

420 2217 442 2262 X
458 2217 477 2261 L
493 2217 523 2265 V.

138 2297 181 2346 Da
193 2295 262 2344 mihi
270 2298 396 2361 angelum
408 2329 415 2355 ,
426 2307 452 2343 et
462 2312 509 2359 ego
518 2295 587 2342 dabo
602 2295 650 2342 eibi
658 2295 778 2360 spiritum
788 2328 797 2359 ,

197 2394 285 2425 sacros
294 2377 398 2424 ordines
404 2379 507 2440 petenti
514 2377 583 2422 dixit
590 2379 732 2440 episcopus,

138 2458 237 2524 Spiritus
256 2457 311 2504 huic
329 2469 422 2504 sanctus
440 2458 600 2521 promittitur,
620 2457 714 2522 angelus
733 2456 768 2505 illi

201 2536 308 2588 michael
319 2553 326 2585 z
339 2537 379 2587 hic
391 2553 475 2586 munus
484 2536 569 2601 polluit
579 2570 588 2598 ‚
598 2536 636 2585 ille
648 2553 741 2585 manus.
