2209 3575
222 449 270 506 aiii
349 458 529 495 roannrs
558 457 745 495 annuunt

480 543 612 589 XLIX.

448 625 481 670 In
493 635 640 670 comacum.

221 704 247 753 si
255 716 338 752 natura
346 702 412 752 daret
422 702 463 751 tibi
474 719 576 761 cornua,
588 704 669 750 tollere
680 718 762 767 posses
771 720 779 751 a

282 784 353 847 Quod
363 784 405 834 tibi
414 795 487 849 nupta
495 783 573 843 dedit,
583 782 665 832 tollere
673 799 745 832 nemo
753 794 836 849 potest.

531 866 560 910 L.

446 947 497 992 Res
508 944 647 1003 judicatae.

220 1026 271 1073 Lex
281 1024 386 1089 quamvis
395 1024 457 1073 ratio
466 1025 575 1071 Ciceroni
585 1038 677 1071 summa
688 1034 796 1084 vocetur,

219 1108 250 1154 Et
259 1105 319 1153 bene
329 1105 434 1154 laudetur
442 1105 481 1151 lex
492 1120 546 1167 quae
557 1105 648 1151 ratione
658 1102 771 1168 probatur
781 1121 789 1152 a

219 1188 328 1233 Invenies
340 1188 400 1232 inter
408 1184 502 1249 legistas
511 1201 564 1231 raro
575 1184 691 1247 logistas;
801 1187 806 1193 “

219 1267 298 1315 Moris
308 1261 445 1329 et'exempli
453 1265 515 1331 leges
525 1277 596 1325 sunt,
606 1266 705 1329 juraque
715 1262 803 1328 te'mpli·

518 1348 537 1392 L
553 1347 575 1393 1.

493 1427 602 1474 Mulier.

219 1505 341 1553 Formosae
350 1516 405 1552 sunt
413 1502 527 1565 famosae,
538 1508 680 1571 juvenesque
690 1506 796 1569 jocosae,

282 1587 408 1651 Ingeniosa
416 1586 609 1650 sagaxfoemina,
620 1585 681 1634 salsa
689 1585 761 1635 salax.

505 1668 589 1714 LII.

360 1748 484 1811 Quatuor
497 1747 605 1794 termini
605 1745 736 1809 forenses.

219 1829 348 1878 'samninus
357 1845 371 1875 a
381 1833 462 1875 sancto
472 1828 580 1890 princeps
590 1826 707 1874 Michaele
717 1839 814 1876 vocatur
823 1843 832 1888 ς

282 1909 400 1973 Legistam
410 1907 527 1970 imprimis
538 1911 573 1965 (r)
585 1906 681 1970 angelus
693 1908 738 1955 iste
748 1907 820 1971 juvat.

221 1988 346 2038 Tenninus
358 1986 420 2034 hunc
431 1985 509 2033 Hilari
519 1988 640 2051 sequitur,
651 2002 694 2033 nec
703 1989 802 2036 nomine
811 2002 884 2053 vanua

284 2067 417 2116 causidicos
425 2065 512 2114 hilares
525 2068 637 2114 terminus
647 2069 690 2113 iste
703 2066 766 2115 lacit.

220 2147 348 2196 Causidicis
358 2148 431 2193 instar
440 2151 474 2204 (a)
486 2145 538 2192 libri
547 2144 663 2209 paschalis
671 2143 794 2195 habendus

283 2229 377 2275 Tertius
386 2260 393 2286 ,
406 2244 418 2273 a
427 2243 494 2274 sacro
503 2225 616 2273 Paschate
627 2241 714 2273 nomen
726 2226 806 2274 habet.

167 2309 170 2315 '
220 2310 325 2372 Quartus
334 2307 404 2354 halet
413 2306 506 2353 Triarlis
517 2305 610 2352 titulum
620 2321 661 2352 cur
671 2307 801 2354 torminosi
810 2307 875 2357 omni

281 2390 323 2434 Est
335 2389 410 2434 inlito
422 2391 457 2446 (ὅ)
471 2388 525 2434 trias
533 2385 632 2443 callida,
643 2384 707 2432 nulla
717 2402 811 2435 monas.

186 2528 190 2535 ι
245 2477 275 2527 (ι)
291 2475 369 2529 Effigies
387 2474 497 2530 archangeli
510 2473 614 2516 Michaelis
628 2473 649 2513 in
663 2486 747 2515 nummo
764 2487 826 2518 aureo
839 2487 875 2524 tuq

157 2590 163 2599 .
219 2555 303 2613 glicano.

246 2638 274 2687 (2)
285 2636 425 2678 hasten-boot.
441 2636 470 2688 (3)
484 2636 565 2689 cliens,
578 2634 691 2678 causidicus
699 2662 706 2688 ,
715 2635 789 2691 judea.
