2209 3575
209 440 258 486 ⁸7²
359 434 525 471 torrem
549 434 720 469 ennom

210 506 340 571 Arbitrium
352 519 418 568 robis
428 521 482 567 vitae
493 553 500 580 ,
512 521 643 583 mortisque
655 530 761 582 potestat

273 602 370 645 Summa
378 597 431 644 data
442 610 492 658 est,
505 600 544 644 uni
555 599 662 662 proxima
672 612 734 660 pene
743 599 804 643 Deo.

210 680 263 729 Noe
273 678 382 726 damnare
392 679 458 736 neci,
470 678 511 726 sed
522 696 570 725 non
582 680 632 725 sine
641 679 738 725 crimine
745 710 753 735 ‚
761 675 849 740 judex,

272 762 328 808 Non
338 762 388 809 eine
398 771 454 807 teste
466 773 544 823 potest
555 777 562 805 r
575 771 599 805 tu
610 761 659 806 sine
669 770 770 822 utroque
780 769 856 821 potet.

473 840 492 885 L
507 841 529 885 X
544 840 566 885 X
580 841 601 886 1.

369 920 410 965 De
418 935 509 983 grege,
521 921 590 981 lege,
603 930 630 965 et
640 933 706 982 rege.

212 1000 263 1047 Rex
272 1011 367 1064 pastor,
377 999 504 1064 populique
513 1015 594 1063 greges
606 1012 660 1045 sunt
671 1032 678 1054 ,
690 996 776 1061 pabula
784 997 864 1061 leges:

273 1082 363 1145 Aliger,
375 1095 449 1144 grex:
461 1078 577 1137 medicus,
593 1095 635 1125 rex
646 1095 652 1124 ι
663 1078 838 1142 medicinaque,
849 1076 894 1124 lex.

458 1161 477 1205 L
493 1160 515 1204 X
530 1160 553 1204 X
568 1162 581 1205 1
598 1161 618 1208 Ι.

298 1239 490 1304 Orthograplrr'a
502 1271 509 1297 ,
520 1240 619 1300 etfidet
628 1238 786 1287 orthodoxa.

444 1320 492 1367 Ad
507 1321 635 1369 Hebraeos.

212 1400 285 1448 Laeve
293 1399 466 1459 sinistrorsum,
477 1397 625 1445 dextrorsum
634 1398 730 1446 dextera
739 1396 851 1457 tendent,

275 1480 332 1525 Non
343 1476 402 1524 bene
411 1490 501 1525 naturae
511 1481 677 1526 convenienter
686 1491 752 1526 eunt.

213 1556 307 1606 Tendert
316 1569 340 1604 ot
349 1560 371 1603 in
384 1557 489 1604 dextram
499 1561 519 1605 ei
528 1559 588 1606 iaeva
599 1593 606 1618 ,
617 1572 657 1607 aut
666 1558 762 1606 dextera
773 1558 876 1621 lteram,

275 1640 419 1686 Concurrent
427 1640 528 1702 geminae
537 1641 723 1703 conuenientque
733 1656 827 1688 manue.

213 1717 311 1767 Hebraei
319 1736 362 1766 vos
371 1719 532 1784 ottho-graphi
537 1754 546 1779 ‚
557 1737 600 1767 noe
612 1720 819 1785 ottho-que-doxi5

276 1796 375 1865 Spiritus
384 1813 421 1848 est
428 1814 508 1849 noster
519 1836 526 1860 ‚
538 1801 617 1849 littera
627 1814 702 1851 vestra
711 1814 801 1850 manet.

444 1882 464 1926 L
479 1883 502 1927 X
518 1883 540 1927 X
555 1885 568 1928 l
583 1885 596 1928 1
612 1885 632 1928 1.

450 1963 536 2008 Pauci
545 1964 631 2009 electi.

213 2040 283 2090 Solus
296 2053 321 2089 et
329 2041 405 2088 omnis
414 2029 611 2088 horno'coelorum
620 2057 706 2088 numen
717 2041 799 2090 adorat
808 2057 816 2102 ς

277 2125 360 2169 Peceat
370 2123 394 2168 in
405 2122 452 2169 hoc
460 2138 547 2169 numen
560 2122 623 2169 solue
633 2135 657 2168 et
666 2124 743 2170 omnis
753 2122 836 2170 horno.

214 2202 296 2251 Solum
306 2219 448 2267 omnemque
457 2203 579 2250 hominem
589 2205 652 2250 venit
660 2219 752 2251 servare
761 2203 892 2266 redemptor

276 2286 387 2333 Servatur
396 2284 459 2331 eolus
469 2317 477 2342 ‚
486 2301 534 2330 non
546 2297 625 2331 tamen
636 2284 728 2345 omnis,
737 2283 822 2332 homo.

457 2366 476 2411 L
491 2366 513 2409 X
529 2366 578 2410 XI
593 2365 624 2413 V.

378 2445 419 2490 De
428 2445 534 2501 salinis,
546 2443 704 2507 ambIguum.

216 2521 343 2587 Angiorum
353 2524 474 2588 ingeniosa
484 2522 539 2570 licet
548 2538 707 2588 generosaque
716 2538 774 2586 gene
783 2523 830 2583 eit,

278 2602 365 2666 Anglus
375 2604 433 2649 emit
441 2620 514 2666 parvo
525 2603 560 2650 sai
566 2638 573 2660 ,
584 2603 729 2666 minimoque
738 2602 806 2651 sales.

215 2683 252 2730 sit
262 2683 368 2746 quamvis
380 2681 445 2728 albus
457 2684 579 2729 Britonum
588 2681 623 2729 eal
634 2682 746 2746 ,geilicus
757 2695 822 2742 ater,

278 2760 353 2809 Plurie
363 2777 435 2826 quarn
444 2775 524 2811 noster
533 2761 640 2814 venditur
648 2763 693 2809 iste
701 2763 776 2827 niger.
