2209 3575
219 436 510 474 ιιῐοιιιιιιιυ.
534 439 602 473 m.
627 439 671 473 vn.
729 438 773 486 ¹99

417 525 439 569 X
450 526 480 569 X.

155 596 201 650 'Ad
208 606 343 670 Georgium
354 608 457 663 Carew,
469 606 597 669 equitem,
605 605 758 669 praefhctum

215 691 294 734 curioe
302 689 478 750 pupillorum,
492 688 567 745 1612,
575 688 635 747 jun.
652 690 687 733 15.

136 752 193 811 Dum
201 766 339 830 pupillorum
350 765 499 814 commendat
509 782 549 813 rex
561 764 602 812 tibi
613 781 705 825 curam,

192 847 218 892 8ο
230 846 308 894 meriti
319 861 401 894 curam
414 856 531 893 monstrat
540 844 626 901 habere
642 845 683 894 tui.

338 962 340 967 .
403 929 426 973 X
442 929 465 973 X
480 930 501 974 I.
590 928 594 933 “

364 1008 406 1054 De
408 1009 530 1069 jejuniis.
607 1019 612 1027 ’

144 1078 196 1148 Ptpn
203 1102 244 1135 nuo
254 1104 295 1135 cur
306 1100 342 1135 tot
351 1088 436 1150 jejunia
445 1100 523 1135 nervat
532 1088 558 1133 in
567 1086 644 1133 anno?

192 1169 222 1215 Ut
229 1184 388 1216 successorem
397 1184 422 1215 se
428 1168 513 1232 probet
521 1182 572 1227 esse
581 1167 593 1191 *
603 1164 675 1213 Petri.
690 1172 819 1213 *Piscatoxin

390 1250 413 1294 X
427 1250 450 1294 X
464 1252 477 1295 l
493 1251 514 1297 Ῑ.

303 1329 521 1394 Metamorphosis
531 1346 603 1398 noya.

144 1404 237 1459 Effiaiunt
245 1411 367 1458 hominem
375 1412 411 1459 vir
422 1422 445 1457 et
456 1426 516 1457 uxor
526 1398 631 1457 aninbilis
641 1424 731 1456 unumz

194 1492 230 1539 Sic
238 1491 312 1538 homo
322 1489 350 1537 fit
359 1488 503 1555 quadrupes,
513 1492 553 1554 qui
562 1490 606 1537 suit
616 1500 669 1536 ante
679 1488 751 1553 bipes.

382 1572 405 1616 X
420 1572 469 1616 XI
484 1574 496 1617 1
512 1574 532 1617 Ι.

350 1652 384 1697 In
394 1653 560 1698 nonnullam.

143 1725 235 1778 Nervam
244 1730 396 1779 inflammasti
406 1729 508 1778 Fabiano
518 1748 525 1777 ε
535 1733 583 1794 jam
591 1729 706 1778 Fabianus

194 1812 276 1860 Dicere
284 1812 335 1875 jure
343 1824 433 1876 potest,
449 1828 504 1858 uror
513 1827 593 1858 amore
603 1812 645 1858 tui.

391 1891 414 1936 X
430 1893 452 1937 X
468 1894 480 1936 I
496 1893 523 1941 V.

322 1973 428 2020 Aurum
439 1983 597 2046 exstercqre.
640 2018 642 2022 ,

142 2047 270 2101 Conductor
278 2051 405 2100 foricarum
414 2069 444 2098 ex
453 2063 556 2099 stercore
566 2051 654 2116 colligit
663 2063 761 2107 aurum3

195 2132 225 2179 Et
234 2131 282 2179 duo
292 2145 404 2196 pnaeteren
409 2165 417 2189 ,
426 2133 527 2179 rusticus
536 2143 561 2179 et
569 2129 683 2178 medicus.

406 2215 428 2259 X
443 2215 466 2259 X
479 2214 510 2262 V.

334 2297 429 2341 Fronti
435 2297 511 2342 nulla
516 2295 594 2356 fides.

143 2372 222 2429 Uxoris
231 2375 321 2422 crimen
330 2376 443 2438 scriptum
451 2387 488 2423 est
497 2377 521 2422 in
531 2375 609 2421 fronte
617 2373 695 2421 mariti
707 2388 714 2419 ε

199 2457 243 2506 vix
252 2468 331 2502 tamen
339 2466 374 2502 est
380 2454 482 2502 calamus
492 2495 498 2515 ,
510 2455 606 2502 soemina
615 2454 695 2502 charta
705 2454 757 2502 viri.

398 2539 422 2583 X
437 2540 459 2582 X
474 2539 496 2586 V
510 2541 538 2592 Ι.4

201 2617 247 2668 Ad
258 2618 329 2664 Guil.
342 2619 512 2681 Ravenscrofi
517 2651 525 2675 ,
530 2619 556 2678 j.
567 2633 589 2663 c.
601 2614 726 2664 coelibem.

142 2696 266 2748 coelestem
277 2698 326 2747 vita
335 2696 422 2762 degens
433 2699 457 2744 in
467 2696 550 2745 coelibe
560 2698 645 2757 vitam,

202 2778 274 2843 Quod
283 2779 466 2843 possuntpauci,
480 2790 504 2825 tu
515 2791 583 2844 potes
595 2795 645 2827 esse
657 2789 726 2826 tuusz
