2209 3575
244 443 293 494 216
390 454 552 491 seusun
583 451 752 488 nunaunt

543 540 597 587 lv.

469 619 522 665 Ars
533 618 674 664 memoriae.

243 696 375 745 Simonides
384 696 442 745 oiim
452 695 599 744 memorandi
610 694 712 757 repperit
721 703 812 754 artem

304 778 389 827 Nullus
401 778 475 825 adhuc
487 789 560 825 artem
569 776 671 839 repperit
679 774 773 839 ingenii.

391 941 454 995 lies,
468 950 561 984 nomen
573 969 579 993 ‚
592 948 619 981 et
628 937 744 982 verbum.

243 1016 401 1081 Omnipotens
411 1032 494 1065 ontnes
505 1033 542 1063 res
553 1015 671 1072 condidit3
683 1014 766 1061 indidit
775 1014 822 1060 iilis

229 1133 232 1137 -
303 1099 407 1145 Nomina
415 1098 464 1156 vir3
475 1097 561 1143 mulier
569 1096 668 1159 denique
677 1093 748 1142 verba
757 1093 828 1140 dedit

539 1177 561 1225 V
578 1178 596 1222 1.

365 1313 370 1326 ἱ
383 1256 537 1319 Redemptio
550 1268 577 1302 et
585 1256 751 1319 regenerate'o.

240 1334 292 1382 Nos
302 1336 372 1380 Satan
381 1350 394 1379 a
404 1334 502 1381 muliere
512 1336 585 1393 emit,
598 1335 751 1398 Chtistusque
761 1330 860 1379 redemit

302 1412 410 1461 Christus
418 1429 462 1461 nos
473 1414 530 1462 lavit
539 1431 598 1479 quus
608 1413 731 1461 maculavit
742 1412 822 1461 Adam.

524 1497 547 1544 V
562 1497 574 1540 I
590 1498 610 1541 1.

444 1575 620 1621 Liberalitatis
627 1575 694 1622 laus.

241 1651 312 1716 Quod
323 1651 390 1699 datur
398 1665 514 1701 aetemum
525 1654 608 1711 durat,
621 1655 771 1717 sequiturque
780 1650 860 1701 datore

301 1735 403 1782 Dantem
414 1746 438 1781 et
446 1746 580 1799 captantem
590 1767 597 1795 ,
609 1749 693 1781 munus
703 1745 829 1801 utrumque
838 1736 860 1798 ju

507 1816 531 1865 V
547 1817 560 1861 1
576 1817 589 1862 I
603 1817 624 1861 1.

362 1893 525 1942 Bibliotheca
534 1911 599 1942 nova
609 1895 763 1942 oxoniensis.

440 1973 617 2030 Adiectum,
630 1976 696 2021 1610.

239 2054 352 2119 Quaeritis
361 2055 468 2101 autores?
478 2069 573 2113 coram,
584 2071 654 2118 quem
664 2054 781 2118 quaeritis,
792 2052 860 2101 adsut

300 2136 405 2198 Quisque
415 2132 439 2178 iu
449 2132 523 2179 classe
532 2149 574 2180 eun
583 2133 691 2179 classicus
701 2144 770 2180 autor
779 2135 820 2180 ait.

237 2214 308 2262 Tanti
318 2215 410 2279 operis,
424 2225 536 2278 quantum
547 2213 638 2277 reliquo
649 2214 689 2261 vix
698 2225 762 2261 extat
771 2214 797 2260 in'
805 2211 860 2261 orbe

298 2296 411 2358 Quaeritis
421 2294 545 2341 autorem?
555 2292 654 2340 Bodleue
664 2305 732 2340 autor
741 2305 803 2344 erut.

535 2373 594 2419 tx.
717 2378 720 2382 ’

386 2452 437 2500 Aa
446 2453 612 2498 academiam
632 2455 808 2503 oxoniensem.

239 2531 312 2581 ttutta
322 2543 368 2578 tuae
378 2547 420 2594 par
429 2529 570 2577 bibiiotheca
579 2544 615 2579 est
624 2531 706 2592 altera3
719 2532 784 2581 nulla

300 2612 398 2678 Ingenio
408 2627 451 2675 par
460 2622 496 2659 est
506 2610 649 2661 bibliotheca
658 2624 708 2661 tun.
